2496 4334
445 296 605 344 navamus
628 298 692 343 ma.
717 297 792 344 v111.
1057 280 1120 346 227

82 449 240 534 Frenaque
259 451 340 530 bina,
355 472 438 514 meus
455 473 531 534 quae
546 473 626 514 nunc
640 451 742 529 habet,
759 471 862 528 aurea,
878 450 989 513 Pallas.

82 536 164 618 Ergo
180 544 221 616 et,
237 559 327 619 quam
341 537 452 618 petitis,
463 540 571 620 juncta
586 543 632 599 est
646 537 718 597 mihi
733 537 853 598 foedere
872 536 990 616 dextra,

29 636 32 641 ’
82 620 133 701 Et,
149 624 201 684 lux
215 644 308 704 quum
322 622 450 704 primum
465 624 552 685 terris
568 644 600 684 sc
616 622 747 684 crastina
762 621 880 700 reddet,
1073 642 1120 689 170

82 705 203 770 Auxilio
217 708 313 770 laetos
329 708 486 784 dimittam,
502 708 665 790 opibusque
676 708 799 790 juvabo.

81 791 204 855 Interea
218 813 305 856 sacra
318 794 405 870 haec,
421 793 539 875 quaudo
554 793 612 854 huc
625 792 747 854 venistis
763 791 861 870 amici,

81 876 204 957 Annua,
219 899 296 960 quae
312 878 429 940 differre
445 878 540 955 nefas,
557 878 705 939 celebrate
725 877 861 939 faventes

81 961 255 1042 Nobiscum,
271 964 372 1045 etjam
386 984 465 1025 nunc
481 964 626 1025 sociorum
641 963 802 1024 assuescite
818 961 937 1024 mensis.

123 1049 210 1110 Haec
226 1049 276 1110 ubi
291 1049 382 1126 dicta,
398 1048 490 1131 dapes
500 1048 588 1131 jubet
604 1055 634 1109 et
649 1048 764 1108 sublata
779 1047 881 1130 reponi
1073 1067 1119 1116 175

81 1132 204 1211 Pocula,
220 1134 431 1215 gramineoque
447 1129 524 1196 viros
540 1135 618 1195 locat
633 1133 696 1215 ipse
712 1132 808 1211 sedili,

81 1219 339 1302 Praecipuumque
355 1224 419 1281 toro
435 1224 466 1281 et
480 1219 575 1281 villosi
590 1219 667 1301 pelle
683 1217 776 1279 leonis

80 1304 202 1386 Accipit
216 1305 355 1382 Aenean,
367 1305 497 1386 solioque
513 1304 619 1365 invitat
634 1324 753 1365 acerno.

80 1389 157 1450 Tum
171 1390 243 1452 lecti
252 1391 380 1474 juvenes
395 1389 532 1451 certatim
548 1410 677 1471 araeque
700 1387 840 1450 sacerdos

80 1474 208 1539 Viscera
222 1482 300 1538 tosta
315 1476 416 1536 ferunt
431 1481 594 1551 taurorum,
611 1480 793 1555 onerantque
811 1471 947 1551 canistris
1072 1491 1118 1539 180

81 1558 168 1621 Dona
183 1559 333 1623 laboratae
350 1559 480 1638 Cereris,
495 1559 709 1641 Bacchumque
724 1559 903 1620 ministrant.

81 1644 223 1707 Vescitur
236 1646 370 1724 Aeneas,
386 1645 472 1707 simul
489 1650 520 1707 et
534 1645 662 1727 Troiana
671 1645 826 1728 juventuS,

80 1729 224 1812 Perpetui
238 1738 322 1813 tergo
337 1731 419 1793 bovis
435 1737 467 1793 et
480 1731 651 1792 lustralibus
667 1730 752 1791 extis.

123 1816 285 1898 Postquam
301 1823 418 1878 exemta
432 1816 526 1878 fames
542 1822 573 1879 et
588 1835 670 1877 amor
685 1836 870 1898 compressus
889 1810 1009 1890 edendi,

79 1901 148 1963 Rex
162 1901 321 1964 Evandrus
336 1902 397 1963 ait:
429 1901 500 1964 Non
514 1902 589 1963 haec
605 1901 747 1964 solemnia
761 1902 857 1983 nobis,
1070 1914 1115 1961 185

79 1985 146 2047 Has
162 2007 199 2048 ex
212 2007 293 2048 more
309 1986 413 2069 dapes,
427 1987 505 2049 hanc
520 1987 597 2048 tanti
610 1987 738 2049 numinis
754 2007 837 2050 aram

79 2070 170 2132 Vana
184 2071 355 2154 superstitio
370 2078 565 2154 veterumque
580 2072 686 2154 ignara
700 2072 824 2134 deorum

78 2157 240 2237 Imposuit;
262 2157 369 2234 saevis,
384 2158 491 2240 hospes
507 2157 645 2241 Trojane,
661 2158 780 2240 periclis
888 2161 890 2165 ’

80 2240 199 2303 Servati
216 2241 351 2318 facimus,
366 2243 547 2324 meritosque
562 2257 705 2305 novamus
720 2243 856 2305 honores.

77 2326 99 2388 J
101 2347 149 2388 am
163 2327 291 2408 primum
306 2327 384 2388 saxis
398 2348 571 2410 suspensam
586 2328 663 2390 hauc
680 2328 800 2410 adspice
816 2347 941 2410 rupem:

78 2411 228 2495 Disjectae
243 2412 348 2494 procul
362 2418 396 2473 ut
410 2413 512 2491 moles,
528 2412 706 2495 desertaque
722 2413 829 2474 montis

79 2495 148 2558 Stat
162 2498 276 2575 domus,
292 2504 324 2559 et
338 2497 450 2580 scopuli
464 2497 617 2578 ingentem
632 2505 750 2560 traxere
772 2498 897 2560 ruinam.

77 2582 138 2644 Hie
154 2583 295 2664 spelunca
309 2583 377 2660 fuit,
393 2588 476 2644 vasto
490 2583 626 2645 submota
641 2604 773 2661 recessu,

79 2665 285 2730 Semihominis
301 2666 374 2730 Caci
388 2667 481 2730 facies
497 2689 587 2749 quam
607 2669 673 2732 dira
688 2669 821 2746 tenebat,

79 2750 156 2814 Solis
170 2753 352 2815 inaccessam
367 2754 458 2814 radiis
472 2773 479 2827 3
503 2774 680 2836 semperque
696 2754 810 2816 recenti

80 2836 180 2899 Caede
196 2839 317 2920 tepebat
330 2839 448 2915 humus,
464 2838 635 2920 foribusque
651 2841 738 2901 affixa
752 2838 887 2922 superbis

79 2920 143 2984 Ora
153 2924 250 2985 virum
264 2923 340 2984 tristi
356 2923 528 3005 pendebant
542 2924 653 3008 pallida
668 2926 746 2987 tabo.

78 3008 159 3069 Huic
174 3014 304 3069 monstro
319 3007 475 3070 Vulcanus
491 3016 557 3071 erat
572 3015 678 3091 pater:
702 3010 780 3071 illius
799 3015 878 3071 atros

79 3092 140 3154 Ore
156 3113 276 3154 vomens
291 3093 386 3174 ignes,
401 3115 512 3176 magna
527 3116 558 3157 se
573 3095 650 3155 mole
667 3094 792 3156 ferebat.
832 3141 835 3148 .

78 3177 191 3239 Attulit
206 3182 237 3239 et
251 3179 333 3239 nobis
349 3179 508 3261 aliquando
527 3179 697 3262 optantibus
713 3185 795 3241 aetas

77 3261 232 3323 Auxilium
254 3263 474 3346 adventumque
496 3265 555 3327 dei.
601 3264 838 3332 Nam-maximus
853 3264 943 3342 ultor,

78 3347 249 3427 Tergemini
262 3369 336 3410 nece
354 3346 513 3432 Geryonae
529 3350 689 3433 spoliisque
707 3350 864 3432 superbus,

78 3433 201 3494 Alcides
217 3432 332 3510 aderat,
347 3440 508 3517 taurosque
523 3436 580 3497 hac
596 3436 692 3498 vietor
706 3436 816 3516 agebat

78 3516 233 3598 lugentes,
245 3518 411 3600 vallemque
426 3520 516 3582 boves
533 3541 709 3602 amnemque
724 3520 877 3582 tenebant.
938 3568 940 3572 .

77 3602 122 3664 At
136 3603 221 3664 furiis
238 3601 310 3664 Caci
324 3625 408 3665 mens
423 3606 524 3684 effera,
539 3628 577 3668 ne
594 3606 664 3686 quid
686 3607 822 3667 inausum

77 3688 143 3748 Aut
157 3688 351 3750 intractatum
371 3691 529 3753 scelerisve
546 3692 643 3753 dolive
659 3691 775 3768 fuisset,

79 3771 213 3845 Quatucr
228 3794 246 3835 a
261 3775 383 3836 stabulis
405 3777 569 3857 praestanti
585 3797 707 3858 corpore
722 3782 824 3837 tauros
