2496 4334
105 296 125 360 6
445 316 474 360 ι.
499 314 641 360 virumn
664 311 809 360 nuncius

105 467 263 546 Novimus,
280 469 378 550 etqui
394 473 436 546 te,
452 474 625 530 transversa
639 468 792 530 tuentibus
806 467 909 546 hircis,

105 552 148 616 Et
162 575 221 635 quo
232 590 276 600 -
288 555 342 616 sed
356 555 460 616 faciles
477 554 639 637 Nymphae
655 553 748 615 risere
763 589 802 600 -
816 555 936 616 sacello.

147 638 211 701 Me.
229 639 316 718 Tum,
332 640 434 718 credo,
450 661 543 721 quum
557 661 605 702 me
621 639 776 701 arbustum
791 639 893 702 videre
909 639 1038 702 Miconis
1122 655 1152 704 10

103 723 209 807 Atque
223 727 303 787 mala
315 726 391 788 vites
406 725 539 788 incidere
554 726 632 788 falce
647 725 791 788 novellas,

147 811 210 872 Da.
228 810 294 873 Aut
308 812 356 874 hie
372 811 412 874 ad
427 817 546 874 veteres
561 812 646 893 fagos
662 832 754 893 quum
769 810 938 892 Daphnidis
953 831 1058 872 areum

103 895 235 979 Fregisti
251 903 282 959 et
297 898 445 960 calamos:
470 918 547 979 quae
563 903 608 976 tu,
624 917 765 979 perverse
781 896 934 975 Menalca,

104 981 157 1061 Et,
173 1005 266 1065 quum
280 983 380 1045 vidisti
395 1005 489 1066 puero
504 983 625 1061 donata,
642 981 763 1044 dolebas
777 1002 785 1058 ;

104 1067 156 1146 Et,
172 1069 197 1130 si
210 1090 271 1131 non
286 1069 387 1151 aliqua
401 1069 565 1147 nocuisses,
579 1074 714 1130 mortuus
730 1088 822 1130 esses.

146 1153 210 1216 Me.
228 1154 307 1228 Quid
323 1155 434 1216 domiui
448 1155 572 1233 faciant,
588 1154 702 1216 audent
717 1174 786 1215 oum
801 1153 873 1216 talia
887 1153 991 1218 fures!

104 1238 175 1302 Non
190 1262 246 1322 ego
261 1247 291 1302 te
307 1241 369 1302 vidi
383 1240 538 1319 Damonis,
553 1240 692 1322 pessime,
708 1260 832 1321 caprum

105 1325 254 1408 Excipere
270 1327 395 1404 insidiis
410 1327 486 1388 mult
473 1331 537 1387 tum
552 1326 595 1387 lat
583 1329 664 1387 ttran
665 1347 681 1387 e
696 1324 852 1408 Lycisca?

104 1410 253 1494 thuum
268 1413 448 1474 clamarem
475 1408 541 1484 Quo
555 1432 635 1472 nune
651 1432 683 1473 se
698 1411 824 1493 proripit
812 1408 913 1472 tillo?

105 1495 155 1558 Tit
142 1503 221 1578 tyre,
238 1519 312 1579 coge
329 1518 443 1579 poeus3
467 1504 501 1558 tu
515 1504 583 1579 post
598 1503 699 1558 carcet
700 1517 719 1558 a
687 1497 776 1558 la
777 1496 858 1558 ebas.

146 1582 210 1644 Do.
227 1582 279 1644 An
293 1583 366 1644 mihi
381 1583 530 1645 cantando
546 1583 643 1645 rictus
655 1597 715 1644 non
730 1581 874 1644 redderet
886 1576 949 1659 isse,

103 1666 201 1740 Quem
214 1690 283 1732 mea
298 1669 478 1731 carminibus
492 1669 651 1731 meruisset
665 1669 765 1730 fistula
781 1688 928 1750 caprum
919 1665 932 1708 ἰ

105 1751 138 1815 Si
152 1754 261 1832 nesciS,
276 1776 360 1816 meus
374 1755 425 1816 ille
440 1775 531 1836 caper
546 1755 624 1816 fuit:
649 1761 680 1816 et
668 1754 766 1816 tmihi
782 1754 900 1816 Damon

82 1838 173 1922 lpse
188 1840 351 1919 fatebatur,
367 1840 422 1902 sed
436 1840 564 1902 reddere
580 1861 666 1923 posse
681 1839 823 1921 negabat.

144 1923 209 1986 Mc.
227 1925 384 1988 Cantando
398 1932 433 1987 ιιι
447 1925 556 1987 illum?
578 1933 631 1988 aut
645 1947 779 2007 unquam
793 1925 849 1986 tibi
862 1924 965 1986 fistula
980 1944 1052 1986 cera
1136 1945 1149 1958 ¹

100 2009 124 2072 J
124 2016 217 2073 uncta
230 2012 288 2072 fuit
301 2010 314 2072 ‘l
358 2011 390 2074 N
391 2033 430 2074 on
445 2017 480 2073 tu
493 2012 525 2073 in
540 2012 646 2090 triviis,
661 2011 793 2089 indocte,
810 2010 926 2073 solebas

103 2093 250 2159 Stridenti
264 2098 405 2159 miserum
421 2097 530 2180 stipula
545 2097 717 2180 disperdere
734 2095 879 2159 carmen?

144 2182 208 2244 Do.
225 2182 283 2245 Vis
298 2204 382 2265 ergo,
396 2183 554 2260 internos,
570 2184 643 2265 quid
657 2183 750 2265 possit
764 2188 905 2264 uterque,
921 2180 1052 2243 vicissim

102 2266 327 2349 Experiamur?
352 2269 418 2349 Ego
432 2269 510 2331 hanc
526 2269 651 2330 vitulam
662 2305 704 2314 -
715 2289 754 2330 ne
769 2269 846 2330 forte
861 2287 994 2346 recuses,

101 2352 154 2414 Bis
171 2353 254 2416 venit
269 2354 308 2415 ad
322 2355 492 2432 mulctram,
507 2354 591 2416 binos
607 2355 660 2416 alit
673 2355 766 2416 ubere
782 2354 861 2415 fetus
872 2388 917 2400 -

101 2438 247 2520 Depono:
272 2445 306 2500 tu
321 2439 380 2518 die,
395 2461 514 2502 meeum
529 2461 588 2521 quo
603 2441 727 2522 pignore
744 2445 852 2501 cortes.

143 2524 207 2586 Me.
225 2525 273 2587 De
289 2547 364 2607 gre
347 2547 458 2587 trenon
472 2527 566 2588 ausim
582 2526 745 2608 quidquam
761 2525 941 2607 deponeret
942 2545 1048 2586 ecum:

101 2609 158 2672 Est
172 2611 244 2672 mihi
258 2633 388 2694 namque
405 2612 551 2674 ιιιιιιιιι
498 2618 551 2694 pat
552 2633 595 2689 er,
612 2618 704 2673 estm
673 2612 784 2694 injusta
798 2630 951 2685 noverca;

100 2695 214 2778 Bisque
231 2697 279 2759 die
294 2703 453 2759 numerant
440 2698 554 2759 tambo
568 2719 672 2794 pecus,
688 2698 731 2758 alt
719 2703 811 2758 tetre
798 2696 951 2759 thaedos.

99 2781 228 2860 Verum,
243 2782 275 2843 id
290 2782 370 2864 quod
384 2783 541 2844 multot
493 2789 541 2843 tut
542 2804 558 2843 e
573 2783 636 2863 ipsc
652 2764 812 2843 fatebere
801 2783 897 2866 majus
907 2817 951 2827 —

99 2866 237 2930 Insanire
251 2867 325 2929 libet
313 2867 508 2949 tquoniamt
495 2867 604 2928 tihi-
615 2868 722 2948 pocula
736 2888 845 2965 ponam

99 2952 227 3035 Fagina,
245 2954 342 3014 caelat
329 2958 394 3014 tum
409 2952 501 3014 ιιιιιιιι
516 2973 590 3034 opus
602 2952 804 3013 Alcimedon
787 2974 842 3014 rs
835 3001 842 3014 .

99 3036 198 3100 Lenta
212 3039 319 3120 quibus
334 3045 419 3100 torno
434 3037 515 3101 facili
530 3038 725 3120 superaddita
740 3038 808 3099 vitis

98 3122 229 3186 Diffusos
243 3125 358 3186 hedera
373 3125 464 3187 vestit
478 3124 608 3206 pallente
625 3125 790 3208 corymbos.

98 3208 136 3270 In
150 3210 249 3272 medio
264 3210 322 3272 duo
338 3210 435 3292 signa,
452 3209 572 3272 Conon:
601 3216 632 3271 et
647 3211 714 3291 quis
729 3211 787 3272 fuit
802 3211 889 3290 alter,

98 3295 267 3377 Descripsit
280 3295 365 3358 radio
379 3302 475 3358 totum
490 3296 541 3376 qui
557 3296 695 3376 gentihus
710 3297 823 3375 orbem,

55 3440 61 3451 ,
98 3379 247 3462 Tempora
262 3401 340 3463 quae
354 3402 478 3459 messor,
495 3402 573 3462 quae
589 3402 698 3443 curvus
714 3388 815 3443 arator
828 3378 980 3443 haberet?

97 3465 239 3527 Necdum
253 3467 310 3528 illis
326 3467 410 3528 labra
425 3467 553 3544 admovi,
569 3467 623 3528 sed
639 3467 759 3529 condita
773 3488 870 3529 servo.

140 3551 204 3612 Do.
221 3552 264 3614 Et
277 3552 361 3614 nobis
376 3552 456 3614 idem
471 3552 650 3614 Alcimedon
666 3553 725 3614 duo
740 3554 933 3635 poculat
861 3551 944 3630 fecit,

98 3636 140 3698 Et
153 3637 272 3699 molli
248 3658 361 3700 circum
376 3644 423 3700 est
437 3658 525 3700 ansas
540 3639 694 3719 amplexus
710 3645 799 3700 acant
786 3640 848 3717 th,o

99 3719 302 3806 Orpheaque
294 3746 327 3785 m
340 3724 439 3787 medio
454 3723 562 3807 posuit,
539 3724 726 3807 tsihasque
742 3730 870 3807 sequent
871 3745 913 3786 es.

97 3806 239 3871 Necdum
252 3809 309 3872 illis
324 3810 409 3873 labra
423 3809 551 3888 admovi,
567 3809 621 3872 sed
638 3810 759 3873 condita
772 3828 907 3874 servo..
