2496 4334
108 226 171 292 270
466 247 495 293 r.
519 246 660 294 vmormr
681 247 826 295 naaours

107 397 168 460 Per
182 396 314 460 tunicam
328 395 514 480 squalentem
529 418 613 477 auro,
623 399 703 462 latus
717 399 818 462 haurit
832 405 980 482 apertum.

106 481 183 546 Inde
199 481 314 544 Lichan
328 482 408 561 ferit,
420 489 574 545 exsectum
583 484 648 566 jam
661 490 757 547 matre
772 492 918 567 peremta,

106 566 148 629 Et
162 567 227 645 tihi,
243 567 375 645 Phoebe,
391 587 520 646 sacrum,
536 588 623 632 casus
640 569 768 632 evadere
783 570 856 632 ferri

107 650 193 724 Quod
204 652 289 714 licuit
303 672 404 735 parvo.
450 651 518 715 Nec
533 653 632 734 longe,
648 654 753 717 Cissea
767 654 876 719 durum

105 736 330 819 Immanemque
347 735 447 819 Gyan,
463 744 631 801 sternentes
646 740 766 821 agmina
781 740 878 820 ola'va,

104 821 226 904 Dejecit
239 823 299 884 leto
312 841 321 898 ;
343 821 416 883 nihil
429 822 494 885 illos
509 822 651 885 Herculis
667 845 751 888 arma

104 905 172 969 Nec
188 906 304 969 validae
314 908 421 990 juvere
437 927 542 970 manus
558 909 734 992 genitorque
749 907 931 993 Melampus,

62 990 64 995 ’
103 989 232 1053 Alcidae
248 1011 358 1070 comes,
372 1011 468 1073 usque
484 1013 592 1074 graves
608 993 680 1055 dum
695 1001 777 1058 terra
790 995 907 1058 labores

104 1075 257 1139 Praebuit.
303 1075 385 1138 Ecce
401 1076 512 1155 Phar0,
528 1098 616 1140 voces
632 1079 704 1140 dum
713 1080 811 1162 jactat
824 1079 948 1159 inertes,

103 1160 284 1242 Interquens
295 1162 430 1244 jaculum
445 1163 585 1224 clamanti
599 1163 679 1226 sistit
691 1164 723 1225 in
737 1184 798 1225 ore.

103 1244 151 1307 Tu
165 1267 295 1328 quoque,
306 1247 466 1308 flaventem
481 1247 577 1328 prima
587 1247 729 1329 lanugine
740 1248 834 1310 malas

103 1329 184 1392 Dum
199 1331 333 1413 sequeris
350 1330 482 1415 Clytium
497 1331 612 1411 infelix,
626 1353 704 1395 nova
718 1332 839 1414 gaudia,
853 1330 970 1417 Cydon,

103 1415 257 1478 Dardania
272 1421 383 1479 stratus
398 1416 516 1494 dextra,
531 1436 655 1479 securus
670 1437 814 1495 amorum,

103 1500 163 1572 Qui
173 1501 318 1583 juvenum
333 1501 386 1563 tibi
401 1521 519 1584 semper
533 1508 631 1580 erant,
645 1501 814 1565 miserande
824 1501 956 1584 jaceres,

103 1584 146 1647 Ni
160 1586 287 1647 fratrum
302 1585 412 1668 stipata
428 1587 532 1649 cohors
547 1587 626 1649 foret
640 1586 737 1666 obvia,
753 1586 864 1649 Phorci

103 1668 277 1751 Progenies,
293 1678 408 1754 septem
422 1693 556 1751 numero,
572 1677 756 1755 septenaque
772 1672 833 1734 tela

104 1753 273 1838 Oonjiciunt
290 1775 297 1831 ;
321 1755 428 1838 partim
443 1757 531 1837 galea
545 1758 710 1841 clypeoque
725 1756 873 1819 resultant

102 1838 206 1919 Irrita,
221 1838 342 1903 deflerit
356 1841 464 1923 partim
479 1842 656 1923 stringentia
671 1861 778 1923 corpus

101 1924 193 1988 Alma
208 1925 325 1988 Venus.
370 1925 479 1987 Fidum
493 1925 616 1989 Aeneas
631 1927 738 1989 affatur
752 1924 913 1989 Achaten:

104 2007 241 2093 Suggcre
256 2011 317 2073 tela
331 2009 422 2073 mihi:
446 2031 506 2072 non
520 2012 614 2072 ullum
629 2012 754 2073 dextera
767 2010 880 2071 frustra

102 2093 234 2159 Torserit
248 2095 279 2157 in
294 2095 433 2175 Rutulos,
444 2102 593 2158 steterunt
608 2116 685 2178 quae
701 2095 732 2156 in
747 2113 870 2177 corpore
884 2091 1010 2158 Graium

101 2179 202 2243 Iliacis
218 2181 338 2262 campis.
383 2179 460 2242 Tum
475 2201 613 2261 magnam
629 2180 750 2262 corripit
764 2179 892 2258 hastam,

102 2263 144 2326 Et
154 2265 250 2348 jacit:
275 2265 325 2327 illa
336 2266 438 2327 volans
453 2265 551 2348 clypei
566 2266 790 2329 transverberat
801 2283 873 2326 aera

101 2348 248 2428 Maeonis,
264 2356 296 2411 et
310 2350 432 2412 thoraca
446 2349 532 2411 simul
549 2370 615 2412 cum
632 2357 752 2432 pectore
768 2348 889 2431 rumpit.

100 2433 182 2497 Huic
197 2436 291 2496 frater
305 2435 385 2497 subit
398 2434 544 2513 Alcanor,
555 2434 741 2517 fratremque
753 2441 891 2496 ruentem

102 2517 259 2581 Sustentat
276 2519 402 2581 dextra:
427 2520 553 2602 trajecto
567 2520 657 2582 missa
671 2522 784 2582 lacerto

100 2603 240 2666 Protinus
254 2605 342 2666 hasta
356 2605 434 2686 fugit
448 2611 607 2686 servatque
624 2611 750 2668 cruenta
765 2610 910 2681 tenorem,

99 2688 292 2771 Dexteraque
309 2710 346 2751 ex
360 2690 483 2753 humero
498 2690 598 2751 nervis
613 2689 790 2752 moribunda
800 2688 953 2770 pependit.

99 2773 176 2834 Tum
190 2773 341 2852 Numitor,
352 2775 453 2857 jaculo
468 2775 569 2837 fratris
585 2774 758 2857 decerpere
774 2779 871 2856 rapto,

97 2858 226 2920 Aenean
243 2859 328 2941 petiit
341 2879 349 2934 ;
373 2859 500 2920 sednon
516 2865 547 2920 et
561 2860 654 2941 figere
670 2866 792 2921 contra.

98 2943 155 3005 Est
169 2944 293 3020 licitum,
310 2943 470 3025 magnique
485 2944 583 3005 femur
598 2944 770 3026 perstrinxit
785 2943 932 3005 Achatae.

97 3027 158 3090 Hic
175 3027 314 3107 Curibus,
328 3029 424 3090 fidens
440 3028 591 3110 primaevo
607 3050 740 3112 corpore,
757 3028 884 3091 Clausus

97 3112 242 3192 Advenit,
255 3119 286 3175 ct
301 3114 398 3196 rigida
413 3114 568 3198 Dryopem
581 3114 652 3176 ferit
667 3115 781 3176 eminus
796 3114 883 3175 hasta

100 3195 162 3259 Sub
175 3204 319 3277 mentum,
336 3199 468 3280 graviter
482 3220 596 3280 pressa,
610 3200 781 3282 pariterque
794 3196 942 3280 loquentis

98 3281 213 3344 Vocem
228 3283 415 3365 animamque
430 3284 519 3365 rapit,
534 3285 660 3366 trajecto
676 3291 798 3364 gutture
812 3304 821 3359 ;
844 3289 877 3344 at
891 3283 941 3344 ille

97 3366 208 3429 Fronte
223 3366 293 3430 ferit
308 3374 419 3431 terram
433 3374 466 3429 et
481 3389 613 3430 crassum
628 3369 720 3432 vomit
734 3389 785 3430 ore
802 3389 948 3431 eruorem.

96 3452 171 3515 Tres
187 3473 305 3535 quoque
320 3452 472 3516 Threicios
487 3452 604 3516 Boreae
621 3454 658 3516 de
674 3460 764 3536 gente
780 3474 931 3535 suprema,

96 3536 137 3599 Et
152 3543 225 3615 tres,
242 3559 316 3620 quos
331 3538 402 3600 Idas
417 3545 504 3619 pater
519 3544 548 3600 ct
563 3539 661 3620 patria
676 3540 793 3602 ismara
807 3538 910 3616 mittit,

96 3622 157 3685 Per
172 3624 269 3686 varios
284 3624 391 3686 sternit
406 3643 503 3686 casus.
548 3622 692 3685 Accurrit
706 3625 857 3686 Halaesus

95 3706 320 3791 Auruncaeque
334 3728 451 3788 manus,
466 3707 545 3770 subit
561 3714 592 3771 et
607 3708 761 3791 Neptunia
776 3709 884 3792 proles,
