2496 4334
467 305 626 352 sanamus
648 305 714 351 LIB.
738 305 784 351 VI.

99 456 158 520 Dis
173 479 353 541 quamquam
367 459 460 541 geniti
476 464 564 541 atquc
579 457 682 520 invicti
699 457 808 519 viribus
823 463 933 520 essent.

100 541 279 605 Tartareum
293 544 342 606 ille
357 565 446 605 manu
462 543 614 605 custodem
628 544 660 604 in
674 543 772 604 vincla
785 542 890 624 petivit
1088 562 1135 611 395

100 626 200 707 Ipsius
215 649 234 690 a
248 629 319 691 solio
334 629 424 708 regis,
440 628 588 710 traxitque
604 634 781 689 trementem
794 647 802 702 ;

100 712 145 772 Hi
159 713 307 774 dominam
321 712 399 774 Ditis
415 713 544 775 thalamo
559 712 708 774 deducere
724 711 831 774 adorti.

101 795 185 867 Quae
201 804 305 859 contra
318 797 449 858 breviter
463 797 525 859 fata
540 804 586 859 est
599 796 783 879 Amphrysia
796 803 880 859 vates
892 818 917 859 :-

100 881 211 943 Nullae
225 881 273 943 hic
289 881 412 943 insidiae
428 882 502 943 tales
515 900 523 956 ;
547 881 655 943 absiste
671 881 782 943 moveri
795 901 803 955 ;

100 965 133 1026 N
134 986 167 1027 ec
183 966 243 1027 vim
257 966 318 1027 tela
332 966 455 1040 ferunt3
479 966 550 1028 licet
563 966 668 1047 ingens
677 965 790 1047 janitor
803 972 889 1027 antro
1089 985 1135 1032 4⁰0

100 1049 269 1111 Aeternum
282 1051 394 1112 latrans
410 1070 575 1130 exsangues
590 1055 702 1111 terreat
716 1049 835 1112 umbras
848 1069 857 1125 ;

102 1133 193 1195 Casta
206 1135 277 1196 licet
291 1135 389 1216 patrui
404 1141 504 1196 servet
519 1134 698 1216 Proserpina
711 1134 811 1196 limen.

101 1218 207 1280 Troius
221 1218 354 1296 Aeneas,
370 1219 481 1300 pietate
496 1219 618 1299 insignis
634 1223 665 1280 et
679 1218 779 1295 armis,

100 1302 152 1363 Ad
166 1303 331 1385 genitorem
344 1303 418 1365 imas
434 1302 526 1364 Erebi
540 1301 694 1364 descendit
708 1301 747 1363 ad
758 1302 887 1364 umbras.

102 1385 136 1448 Si
149 1394 179 1448 te
194 1388 276 1448 nulla
290 1393 390 1448 movet
403 1394 504 1449 tantae
520 1386 637 1468 pietatis
651 1387 761 1466 imago,

100 1471 146 1533 At
159 1491 274 1533 ramum
289 1471 368 1533 hunc
380 1506 422 1517 -
434 1471 530 1552 aperit
543 1491 668 1549 ramum,
684 1471 736 1552 qui
750 1475 833 1532 veste
847 1470 961 1533 latebat
970 1506 1014 1516 —-

100 1555 269 1637 Agnosces.
313 1555 440 1617 Tumida
454 1576 492 1617 ex
506 1555 552 1617 ira
566 1561 632 1616 tum
645 1555 735 1618 corda
748 1553 895 1616 residunt.

100 1640 133 1702 N
134 1659 168 1702 co
183 1641 270 1722 plura
284 1639 339 1702 his.
384 1639 440 1702 Ille
456 1639 605 1702 admirans
619 1639 787 1702 venerabile
803 1638 914 1702 donum

100 1724 212 1788 Fatalis
227 1724 340 1805 virgae,
355 1725 443 1806 longo
457 1731 523 1807 post
537 1731 669 1806 tempore
684 1724 791 1802 risum,

101 1808 278 1872 Caeruleam
292 1808 422 1871 advertit
436 1809 568 1892 puppim,
584 1809 725 1891 ripaeque
739 1807 928 1891 propinquat.

100 1893 175 1956 Inde
191 1894 263 1956 alias
279 1894 401 1971 animas,
416 1914 493 1976 quae
508 1915 563 1976 per
572 1895 648 1976 juga
661 1894 751 1974 longa
765 1892 920 1973 sedebant,

100 1978 260 2056 Deturbat,
275 1979 414 2060 laxatque
429 1978 507 2040 foros
520 1998 529 2053 3
552 1979 639 2040 simul
655 1977 763 2059 accipit
778 1977 862 2039 alveo
1013 1973 1019 1984 ’

99 2063 258 2144 Ingentem
272 2062 410 2125 Aenean.
457 2061 579 2126 Gemuit
593 2062 647 2124 sub
662 2061 793 2145 pondere
812 2061 919 2146 cymba

101 2146 214 2225 Sutilis,
229 2153 261 2209 et
274 2148 398 2210 multam
412 2147 529 2229 accepit
544 2147 652 2209 rimosa
665 2146 814 2228 paludem.

98 2231 232 2294 Tandem
246 2238 328 2294 trans
342 2232 464 2294 fluvium
477 2232 631 2294 incolumis
646 2237 803 2313 vatemque
819 2230 974 2314 virumque

97 2316 222 2378 Informi
235 2316 304 2378 limo
319 2318 484 2398 glaucaque
500 2317 619 2397 exponit
632 2316 664 2376 in
678 2316 758 2377 ulva.

142 2400 288 2464 Cerberus
303 2401 377 2462 haec
392 2401 497 2481 ingens
512 2401 623 2462 latratu
638 2421 732 2481 regua
745 2398 865 2462 trifauci
933 2442 935 2448 ,

97 2484 254 2563 Personat,
271 2484 395 2547 adverso
410 2485 555 2547 recubans
569 2485 705 2546 immanis
719 2485 751 2545 in
765 2490 861 2546 antro.

98 2568 154 2632 Cui
169 2577 263 2647 vates,
277 2570 398 2631 horrere
413 2569 517 2630 videns
528 2571 591 2652 jam
607 2571 683 2631 colla
697 2568 834 2645 colubris,

96 2654 188 2716 Melle
204 2660 370 2737 soporatam
384 2659 415 2714 et
429 2654 583 2716 medicatis
597 2654 733 2735 frugibus
748 2653 834 2715 offam

99 2739 229 2822 Objicit3
251 2739 300 2800 ille
315 2738 393 2799 fame
408 2737 513 2800 rabida
527 2738 586 2801 tria
600 2745 722 2820 guttura
736 2737 869 2820 pandens

98 2823 227 2905 Corripit
240 2823 397 2905 objectam,
413 2827 502 2904 atque
517 2823 656 2884 immania
670 2829 757 2903 terga
771 2822 895 2885 resolvit

96 2908 193 2969 Fusus
207 2907 299 2983 humi,
315 2912 435 2987 totoque
450 2907 556 2988 ingens
571 2906 742 2968 extenditur
756 2912 852 2968 antro.

97 2991 234 3072 Occupat
249 2994 370 3052 Aeneas
386 2989 499 3052 aditum
515 2991 637 3053 custode
653 2991 778 3072 sepulto,

96 3076 265 3157 Evaditque
281 3075 363 3137 celer
376 3074 471 3157 ripam
484 3075 677 3137 irremeabilis
692 3073 800 3136 undae.

139 3160 285 3222 Continuo
300 3158 419 3222 auditae
434 3180 533 3239 voces,
548 3160 666 3241 vagitus
681 3165 712 3220 et
725 3159 841 3239 ingens,

95 3245 307 3327 infantumque
323 3242 438 3307 animae
453 3244 571 3322 flentes,
585 3245 616 3305 in
630 3243 729 3305 limine
744 3243 849 3325 primo,

96 3328 176 3400 Quos
191 3329 285 3390 dulcis
300 3330 379 3391 vitae
396 3335 528 3391 exsortes
543 3336 575 3390 et
589 3329 626 3390 ab
641 3327 732 3389 ubere
747 3333 848 3409 raptos

94 3412 230 3475 Abstulit
245 3420 310 3475 atra
324 3413 400 3491 dies,
416 3418 447 3474 et
461 3413 566 3475 funere
581 3412 684 3474 mersit
697 3411 816 3474 acerbo.

96 3498 160 3560 llos
170 3499 260 3580 juxta
273 3498 347 3560 falso
363 3497 494 3559 damnati
509 3498 630 3560 crimine
644 3496 756 3558 mortis.

95 3583 126 3644 N
128 3603 162 3644 ec
178 3603 249 3644 vero
264 3583 320 3644 hac
336 3582 398 3645 sine
414 3588 493 3643 sorte
509 3582 608 3658 datae,
623 3581 686 3642 sine
696 3579 811 3663 judice,
823 3578 920 3642 sedes.

79 3726 84 3734 ,
96 3667 254 3738 Quaesitor
268 3667 366 3728 Minos
378 3687 483 3728 urnam
497 3673 618 3740 movet3
640 3666 689 3726 ille
705 3664 843 3726 silentum

96 3752 319 3835 Conciliumque
334 3757 432 3828 vocat,
447 3752 582 3833 vitasque
598 3756 629 3811 et
644 3749 766 3811 crimina
781 3747 877 3810 discit.
