2496 4334
95 307 158 372 156
439 328 468 372 P.
493 326 634 372 vraornn
655 325 800 371 nunonis

96 479 158 542 Per
171 479 283 543 medios
298 479 369 559 ruit,
385 501 420 542 ac
435 480 610 542 morientem
624 479 742 542 nomine
758 480 887 543 elamat:

96 564 165 627 Hoc
180 565 265 644 illud,
280 586 433 647 germana,
448 564 531 627 fuit?
553 587 601 627 me
616 565 723 626 fraude
738 565 888 647 petebas?

97 650 165 712 Hoc
181 671 270 732 rogus
284 651 341 712 iste
355 651 439 730 mihi,
454 652 510 713 hoc
525 651 611 733 ignes
626 671 757 732 araeque
772 649 943 732 parabant?

99 734 178 808 Quid
193 736 321 817 primum
335 737 455 799 deserta
469 735 605 818 querar?
629 736 805 798 comitemne
821 757 952 799 sororem

100 819 245 902 Sprevisti
258 822 386 884 moriens
400 820 412 884 l
458 822 573 884 Eadem
587 842 635 883 me
651 821 690 884 ad
704 822 769 883 fata
783 841 919 884 vocasses
933 841 941 898 ;

98 905 185 968 Idem
200 906 301 969 ambas
316 907 395 970 ferro
410 907 503 985 dolor,
519 913 609 990 atque
625 907 731 969 eadem
745 907 819 968 hora
832 908 960 970 tulisset.

31 1060 37 1071 .
98 990 156 1053 His
172 991 262 1053 ctiam
277 993 372 1054 struxi
385 993 532 1069 manibus,
547 992 719 1075 patriosque
734 992 838 1054 vocavi

98 1076 183 1138 Voce
199 1076 281 1156 deos,
296 1077 337 1139 sic
352 1089 382 1139 te
397 1083 432 1139 ut
446 1078 552 1159 posita,
568 1078 709 1155 crudelis,
725 1075 885 1139 abessem?

98 1161 234 1223 Extinxti
249 1168 279 1223 te
293 1183 413 1244 meque,
428 1183 521 1241 soror,
536 1163 747 1245 populumque,
762 1168 922 1244 patresque

100 1245 245 1326 Sidonios,
261 1248 424 1330 urbemque
439 1255 533 1310 tuam.
578 1248 669 1327 Date,
685 1248 810 1310 vulnera
823 1247 952 1330 lymphis

97 1331 240 1410 Abluam,
256 1338 298 1410 et,
316 1339 465 1395 extremus
477 1333 502 1394 si
517 1332 583 1416 quis
598 1349 689 1416 super
702 1333 811 1395 halitus
826 1338 919 1412 errat,

99 1416 160 1478 Ore
175 1418 283 1498 legam.
331 1416 380 1480 Sic
395 1419 459 1481 fata
474 1418 584 1500 gradus
600 1425 737 1480 evaserat
752 1419 837 1496 altos,

100 1500 368 1585 Semianimcmque
383 1504 449 1566 sinu
464 1524 635 1586 germanam
651 1504 788 1586 amplexa
800 1503 920 1565 fovebat

100 1585 176 1648 Cum
190 1588 314 1669 gemitu,
330 1594 420 1670 atque
436 1596 516 1652 atros
531 1589 663 1651 siccabat
677 1595 761 1651 veste
777 1609 908 1650 cruores.

98 1672 167 1749 Illa,
182 1693 289 1753 graves
304 1674 403 1736 oculos
419 1680 526 1737 conata
540 1675 687 1752 attollere,
701 1695 806 1736 rursus

98 1757 231 1834 Deficit3
253 1758 376 1820 infixum
390 1759 488 1822 stridit
503 1759 557 1822 sub
573 1767 694 1843 pectore
711 1760 828 1821 vulnus.

98 1842 159 1904 Ter
173 1863 238 1905 sese
254 1845 391 1906 attollens
407 1845 566 1928 cubitoque
582 1845 692 1907 adnixa
704 1844 816 1906 levavit
830 1863 838 1919 ;

98 1926 159 1990 Ter
173 1930 308 1991 revoluta
322 1936 386 1992 toro
402 1937 459 2009 est,
474 1931 625 2012 oculisque
639 1930 806 1992 errantibus
822 1930 883 1992 alto

99 2011 252 2086 Quaesivit
266 2015 348 2076 coelo
362 2015 471 2094 lucem,
486 2015 690 2099 ingemuitque
706 2021 835 2097 reperta.

141 2098 218 2160 Tum
232 2099 254 2162 J
255 2121 314 2161 uno
328 2101 523 2183 omnipotens,
538 2103 660 2183 longum
673 2100 815 2162 miserata
829 2099 960 2161 dolorem

98 2182 299 2266 Difficilesque
315 2185 422 2264 obitus,
435 2186 509 2248 Irim
523 2186 641 2248 demisit
655 2185 795 2269 Olympo,

99 2265 184 2340 Quae
198 2271 362 2332 luctantem
377 2271 504 2332 animam
518 2291 669 2352 nexosque
685 2271 847 2332 resolveret
863 2275 956 2331 artus.

98 2351 190 2431 Nam,
206 2354 276 2436 quia
290 2375 345 2416 nec
361 2355 433 2434 fato,
449 2356 556 2418 merita
569 2376 625 2418 nec
640 2354 735 2417 morte
750 2355 878 2438 peribat,

101 2436 163 2500 Sed
177 2439 286 2501 misera
300 2447 370 2502 ante
386 2441 476 2519 diem,
492 2442 647 2523 subitoque
663 2462 790 2502 accensa
805 2441 917 2518 furore,

98 2522 240 2585 Nondum
254 2525 297 2586 illi
311 2527 420 2587 flavum
435 2526 615 2609 Proserpina
630 2527 742 2587 vertice
759 2525 872 2588 crinem

97 2608 285 2687 Abstulerat,
303 2609 468 2693 Stygioque
484 2617 575 2694 caput
591 2612 785 2673 damnaverat
802 2609 891 2672 Orco.

98 2692 181 2774 Ergo
196 2694 254 2756 Iris
272 2696 383 2757 croceis
399 2717 453 2778 per
467 2697 583 2758 coelum
598 2696 715 2758 roscida
734 2695 850 2778 pennis,

97 2777 182 2840 Mille
197 2780 319 2842 trahens
332 2781 428 2842 varios
445 2781 570 2845 adverso
585 2783 645 2843 sole
662 2782 786 2858 colores,

97 2863 238 2942 Dcvolat,
254 2871 285 2926 et
299 2886 390 2947 supra
404 2872 495 2948 caput
510 2867 645 2928 adstitit:
691 2866 783 2927 Hunc
800 2886 856 2946 ego
870 2865 936 2926 Diti

100 2947 226 3011 Sacrum
236 2951 322 3032 jussa
336 2951 410 3029 fero,
426 2957 517 3034 teque
531 2951 588 3013 isto
604 2971 726 3033 corpore
742 2951 833 3012 solvo.

100 3031 149 3095 Sic
165 3035 218 3112 ait,
234 3041 265 3096 et
280 3035 387 3097 dextra
401 3036 513 3098 crinem
528 3043 630 3098 secat:
654 3036 747 3098 omnis
763 3041 794 3097 et
808 3055 869 3097 una

97 3119 239 3202 Dilapsus
255 3122 346 3199 calor,
361 3127 451 3203 atque
467 3122 498 3183 in
513 3127 618 3183 ventos
633 3121 696 3184 vita
711 3121 845 3182 recessit.
