2496 4334
138 286 200 350 264
484 304 513 349 r.
537 301 679 348 vrnerm
699 297 843 347 1111101110

137 453 301 537 Indignum
311 458 369 531 est,
383 453 477 516 Italos
492 454 611 537 Projam
625 452 810 516 circumdare
824 449 949 514 flammis

137 538 332 617 Nascentem,
347 539 489 620 et‘patria
504 539 637 601 Turnum
653 538 813 600 consistere
829 543 922 614 terra,
1146 555 1179 603 ⁷5

74 687 76 691 ,
138 623 195 686 cui
210 625 366 685 Pilumnus
381 644 465 701 avire,
481 625 529 685 cui
544 624 614 685 diva
629 622 751 686 Venilia
763 627 881 683 mater:

138 707 228 787 Quid,
243 709 308 769 face
324 707 466 790 Trojanos
482 713 548 770 atra
561 707 621 770 vim
635 707 715 769 ferre
730 705 871 769 Latinis?

136 792 223 854 Arva
237 793 335 855 aliena
343 794 418 875 jugo
434 813 568 874 premere
584 798 673 873 atque
689 798 825 853 avertere
840 788 990 874 praedas?

138 876 228 955 Quid,
244 897 360 939 soceros
375 878 476 958 legere
492 884 523 938 et
537 877 656 959 gremiis
671 876 820 938 abducere
836 873 965 958 pactas?

137 960 248 1023 Pacem
263 981 348 1023 orare
362 981 464 1039 manu,
479 963 645 1044 praefigere
660 961 806 1043 puppibus
821 957 930 1022 arma?

136 1046 183 1107 Tu
197 1053 281 1128 potes
296 1045 425 1108 Aenean
438 1046 573 1108 manibus
588 1045 755 1108 subducere
772 1043 908 1121 Graium,

137 1129 257 1212 Proque
272 1130 335 1192 viro
350 1130 489 1192 nebulam
504 1137 536 1192 et
549 1136 653 1192 ventos
668 1129 830 1191 obtendere
844 1129 948 1191 inanes
962 1147 972 1203 ;

137 1212 179 1274 Et
193 1220 277 1295 potes
291 1214 322 1275 in
337 1213 460 1276 totidem
475 1214 599 1277 classem
614 1219 788 1276 convertere
804 1212 949 1296 nymphas
963 1231 971 1287 3

136 1297 201 1360 Nos
217 1298 327 1381 aliquid
342 1298 470 1360 Rutulos
486 1305 589 1361 contra
599 1297 713 1380 juvisse
728 1298 891 1360 nefandum
905 1295 977 1359 est?

135 1382 258 1445 Aeneas
272 1383 394 1465 ignarus
409 1383 513 1445 abest:
537 1383 659 1465 ignarus
674 1389 706 1445 et
722 1383 818 1444 absit:

137 1465 194 1528 Est
209 1467 331 1550 Paphus
345 1467 533 1549 Idaliumque
549 1468 612 1546 tibi,
628 1473 699 1529 sunt
713 1468 775 1529 alta
790 1467 934 1551 Cythera.

137 1549 217 1622 Quid
231 1552 385 1632 gravidam
398 1552 484 1614 bellis
498 1552 602 1614 urbem
617 1558 649 1614 et
664 1551 755 1613 corda
769 1571 876 1634 aspera
889 1546 1012 1613 tentas?

136 1633 239 1697 Nosne
254 1636 308 1697 tibi
322 1636 416 1697 fluxas
431 1635 583 1720 Phrygiae
597 1657 646 1698 res
661 1642 780 1700 vertere
793 1637 886 1699 fimdo

138 1717 312 1781 Conamur?
334 1740 388 1782 nos
400 1719 414 1782 1
437 1742 475 1783 an
489 1721 611 1783 miseros
626 1721 678 1804 qui
692 1720 784 1783 'Proas
798 1720 924 1783 Achivis

138 1802 282 1886 Objecit?
327 1803 412 1877 Quae
428 1825 534 1868 caussa
547 1806 616 1884 firit,
632 1825 811 1887 consurgere
826 1807 858 1868 in
873 1824 956 1867 arma

136 1887 346 1970 Europamque
360 1889 525 1971 Asiamque
542 1896 573 1951 et
588 1890 710 1953 foedera
723 1891 837 1953 solvere
852 1886 958 1952 furto?

135 1971 188 2034 Me
205 1973 281 2035 duce
296 1973 467 2035 Dardanius
484 1972 624 2056 Spartam
639 1975 821 2056 expugnavit
838 1974 967 2051 adulter,

134 2057 201 2119 Aut
215 2079 272 2139 ego
287 2058 347 2120 tela
362 2057 442 2135 dedi,
458 2058 555 2121 fovive
571 2059 709 2141 cupidine
724 2058 827 2121 bellai

135 2140 212 2204 llum
227 2142 329 2204 decuit
341 2143 483 2205 metuisse
498 2144 558 2205 tuis
571 2162 578 2218 ;
601 2163 680 2204 nunc
695 2163 763 2205 sera
777 2141 906 2226 querelis

134 2224 228 2288 Haud
237 2226 327 2307 justis
342 2227 483 2308 assurgis,
499 2233 530 2288 et
544 2227 628 2288 irrita
637 2227 740 2309 jurgia
749 2229 858 2310 jactas.

177 2309 299 2372 Talibus
314 2310 418 2372 orabat
432 2310 454 2372 J
454 2332 524 2388 uno,
540 2311 699 2393 cunctique
714 2312 882 2373 fremebant

136 2392 300 2457 Caelicolae
317 2415 439 2457 assensu
454 2396 555 2458 vario:
580 2416 637 2457 ceu
651 2396 770 2458 flamina
784 2397 880 2478 prima

135 2477 234 2549 Quum
247 2479 394 2562 deprensa
407 2481 538 2541 fremunt
552 2481 643 2558 silvis,
659 2486 690 2541 et
705 2501 798 2542 caeca
813 2481 948 2542 volutant

133 2562 301 2642 Murmura,
316 2571 459 2626 venturos
473 2566 571 2627 nautis
586 2564 742 2647 prodentia
756 2571 871 2626 ventos.

133 2647 210 2709 Tum
225 2649 318 2711 Pater
332 2649 527 2730 omnipotens,
542 2671 642 2711 rerum
658 2649 707 2710 cui
720 2649 816 2730 prima
829 2653 973 2730 potestas,
1125 2662 1172 2709 100

132 2732 215 2794 Infit.
260 2734 306 2794 Eo
321 2732 438 2794 dicente
455 2732 544 2795 deum
559 2734 663 2795 domus
678 2735 739 2794 alta
754 2734 876 2809 silescit,

133 2816 175 2876 Et
189 2817 366 2878 tremefacta
380 2818 440 2878 solo
456 2819 544 2879 tellus
557 2838 565 2892 3
589 2819 657 2879 silet
671 2817 783 2878 arduus
799 2817 903 2878 aether
916 2835 924 2890 3

132 2899 209 2960 Tum
221 2900 350 2982 Zephyri
366 2921 502 2982 posuere,
519 2902 626 2984 premit
640 2901 759 2982 placida
773 2921 904 2982 aequora
921 2905 1039 2982 pontus.

132 2982 272 3065 Accipite
288 3005 360 3064 ergo
375 2985 479 3046 animis
494 2992 584 3066 atque
599 2986 673 3046 haec
688 3006 756 3047 mea
770 2985 853 3067 figite
870 2983 960 3045 dicta.

134 3066 380 3149 Quandoquidem
394 3068 543 3131 Ausonios
558 3069 697 3152 conjungi
712 3069 834 3131 foedera
848 3068 972 3130 Teucris
1124 3085 1170 3133 105

133 3150 226 3212 Haud
241 3152 366 3230 beitum,
381 3173 436 3214 nec
453 3160 554 3215 vestra
568 3154 648 3235 capit
664 3153 811 3215 discordia
824 3153 934 3214 finem:

134 3233 218 3305 Quae
234 3236 341 3317 cuique
357 3242 403 3296 est
417 3237 537 3299 fortuna
552 3237 652 3314 hodie,
668 3258 757 3319 quam
772 3237 896 3318 quisque
912 3241 996 3298 secat
1010 3254 1104 3317 spem,

133 3318 207 3380 Tros
222 3318 392 3380 Rutulusve
407 3320 483 3397 fuat,
498 3322 578 3383 nullo
594 3321 763 3383 discrimine
774 3321 900 3399 habeb0,

135 3400 196 3465 Seu
211 3403 281 3464 fatis
296 3403 407 3464 Italum
422 3410 521 3465 castra
536 3405 686 3466 obsidione
701 3411 853 3483 tenentur,

135 3485 205 3549 Sive
221 3508 320 3549 errore
337 3487 415 3548 malo
431 3486 537 3570 Trojae
552 3489 728 3571 monitisque
743 3490 877 3552 sinistris.
1125 3504 1172 3551 110

133 3571 200 3633 Nec
216 3572 344 3634 Rutulos
359 3572 449 3633 solvo.
497 3571 559 3635 Sua
575 3574 683 3655 cuique
700 3594 805 3636 exorsa
819 3575 951 3636 laborem

133 3654 356 3738 Fortunamque
371 3657 479 3718 ferent.
525 3658 592 3719 Rex
606 3657 728 3738 Jupiter
742 3659 877 3720 omnibus
891 3658 991 3719 idem:

133 3738 211 3801 Fata
224 3740 303 3803 viam
317 3741 479 3804 invenient.
527 3739 625 3823 Stygii
636 3761 691 3822 per
704 3742 826 3804 flumina
840 3742 955 3819 fratris,
