2496 4334
382 322 548 369 sueones.
593 322 716 369 setosa
738 323 813 370 VIII.

99 475 211 539 Omnia
226 477 275 538 vel
289 475 423 538 medium
436 477 511 539 fiant
524 497 618 539 mare.
664 477 780 555 Viuite,
796 478 898 541 silvae.

96 561 254 645 Praeceps
269 562 345 624 aerii
360 563 480 645 specula
496 562 657 626 dementis
673 563 704 625 in
719 564 815 626 undas

96 647 232 710 Deferar
244 667 252 723 3
276 654 444 710 extremum
457 649 513 711 hoc
528 669 636 711 munus
651 650 804 712 morientis
819 650 939 712 habeto.

99 732 214 796 Desine
230 732 409 812 Maenalios,
418 734 483 817 jam
498 735 612 812 desine,
628 735 711 812 tibia,
727 756 842 797 versus.

143 819 232 881 Haec
249 819 386 881 Damon:
410 840 474 898 vos,
490 841 567 902 quae
583 821 771 902 responderit
785 821 1017 903 Alphesiboeus,

99 904 213 983 Dicite,
229 904 366 967 Pierides
381 925 389 980 ;
412 927 471 968 non
485 907 585 968 omnia
599 926 754 987 possumus
770 927 882 968 omnes.

141 989 198 1052 At.
217 989 300 1052 Effer
315 1011 434 1072 aquam,
450 997 481 1052 et
495 992 576 1053 molli
591 992 678 1073 cinge
693 992 768 1054 haec
784 993 892 1055 altaria
907 992 982 1055 vitta
995 1011 1003 1068 ;

99 1073 319 1158 Verbenasque
336 1077 421 1139 adole
437 1077 562 1158 pingues
579 1083 610 1139 et
624 1079 757 1140 mascula
772 1084 841 1140 tura
854 1101 861 1140 :

101 1159 247 1245 Oonjugis
262 1167 296 1222 ut
310 1162 435 1244 magicis
450 1183 537 1224 sanos
553 1170 690 1226 avertere
706 1163 800 1225 111111

100 1244 251 1328 Experiar
265 1267 370 1309 sensus
384 1266 392 1322 3
415 1247 487 1309 nihil
502 1248 550 1310 hic
566 1249 623 1310 nisi
639 1250 772 1310 carmina
786 1249 906 1310 desunt.

99 1330 212 1394 Ducite
228 1332 265 1394 ab
280 1332 357 1394 urbe
375 1333 504 1411 domum,
519 1355 588 1396 mea
603 1335 746 1412 carmina,
762 1334 863 1397 ducite
880 1332 1043 1418 Daphnim.

102 1415 243 1479 Carmina
258 1419 307 1480 vel
322 1418 405 1480 coelo
420 1425 543 1500 possunt
558 1419 709 1483 deducere
725 1419 864 1497 Lunam3

102 1500 290 1566 Carminibus
307 1502 395 1566 Circe
411 1505 504 1566 socios
518 1506 647 1567 mutavit
662 1505 765 1582 Ulixi3

101 1586 243 1670 Frigidus
257 1589 289 1651 in
303 1590 398 1672 pratis
413 1591 562 1654 cantando
576 1592 725 1674 rumpitur
740 1592 857 1674 anguis.

101 1671 212 1736 Ducite
228 1675 265 1736 ab
280 1676 355 1738 urbe
371 1675 500 1754 domum,
515 1698 584 1738 mea
599 1678 743 1756 carmina,
759 1678 860 1740 ducite
875 1675 1038 1759 Daphnim.

103 1757 201 1822 Tema
216 1760 270 1821 tibi
284 1761 359 1823 haec
376 1762 503 1843 primum
518 1762 628 1844 triplici
644 1763 763 1826 diversa
779 1765 876 1826 colore

102 1842 184 1907 Licia
199 1846 364 1924 circumdo,
380 1852 485 1929 terque
500 1848 578 1910 hanc
595 1849 702 1911 altaria
717 1850 829 1912 circum

104 1929 242 2013 Effigiem
257 1931 355 1994 duco:
380 1954 504 1995 numero
519 1933 594 1995 deus
609 1933 723 2017 impare
740 1935 864 2017 gaudet.

102 2015 211 2079 Ducite
228 2017 265 2079 ab
281 2017 355 2079 urbe
372 2017 501 2096 domum,
516 2040 584 2082 1111
596 2021 740 2099 carmina,
757 2020 858 2082 ducite
874 2017 1036 2103 Daphnim.

103 2101 200 2165 Necte
218 2103 314 2166 tribus
328 2103 413 2165 nodis
430 2111 541 2183 ternos,
557 2104 718 2189 Amarylli‚
734 2107 867 2169 colores:

102 2187 211 2268 Necte,
227 2187 389 2273 Amarylli‚
404 2190 491 2252 modo
505 2210 513 2266 3
538 2197 580 2269 et,
593 2191 736 2271 Veneris,
752 2192 812 2271 dic,
828 2189 947 2254 vincula
960 2194 1060 2251 necto.

102 2273 212 2338 Ducite
228 2276 266 2337 ab
282 2276 356 2338 urbe
373 2276 502 2354 domum,
517 2297 586 2338 mea
601 2279 745 2356 carmina,
761 2278 861 2340 ducite
876 2275 1038 2358 Daphnim.

101 2360 203 2423 Limus
218 2367 254 2422 ut
268 2361 317 2424 hic
333 2361 476 2440 durescit,
493 2363 613 2425 ethaeo
629 2369 663 2425 ut
678 2385 749 2426 cera
762 2363 903 2446 liquescit

101 2446 169 2510 Uno
185 2447 351 2530 eodemque
367 2448 448 2530 igni:
473 2449 515 2510 111
531 2455 631 2511 nostro
647 2450 783 2531 Daphnis
800 2470 910 2511 umore.

103 2531 219 2616 Sparge
235 2535 354 2612 molam,
371 2541 402 2595 et
416 2534 539 2616 fragiles
554 2535 681 2597 incende
697 2535 841 2597 bitumine
856 2536 966 2596 lauros.

100 2618 238 2702 Daphnis
252 2641 298 2680 mo
314 2621 410 2681 malus
425 2621 505 2683 urit:
533 2642 590 2702 ego
604 2622 681 2684 hanc
697 2621 729 2682 in
743 2620 904 2704 Daphnide
918 2619 1047 2681 laurum.

99 2705 212 2768 Ducite
229 2706 266 2768 ab
281 2706 355 2768 urbe
372 2706 502 2785 domum,
517 2727 585 2769 mea
601 2707 743 2785 11111111,
760 2707 861 2769 ducite
877 2703 1039 2788 Daphnim.

100 2791 181 2854 Talis
198 2813 281 2854 amor
295 2792 459 2874 Daphnim,
475 2793 572 2876 qualis
587 2814 656 2856 cum
670 2794 750 2856 fessa
760 2795 924 2876 juvencum

100 2877 162 2940 Per
177 2899 301 2941 nemora
316 2885 407 2960 atque
424 2880 498 2941 altos
514 2879 686 2960 qrracrendo
701 2879 811 2942 bucula
825 2882 908 2941 lucos

100 2963 232 3045 Propter
247 2985 343 3046 aquae
359 2964 456 3025 rivum
471 2965 559 3026 viridi
573 2966 742 3047 procumbit
756 2967 788 3027 in
802 2967 883 3044 ulva,

101 3048 238 3127 Perdita,
253 3071 309 3112 nee
326 3071 412 3112 serae
428 3051 562 3112 meminit
578 3051 726 3112 decedere
741 3052 833 3129 nocti,

101 3133 182 3197 Talis
198 3156 282 3197 amor
297 3142 413 3214 teneat,
428 3157 484 3198 neo
501 3137 539 3197 sit
553 3136 625 3197 mihi
641 3157 714 3198 cura
728 3137 853 3198 mederi.

100 3219 212 3282 Ducite
228 3223 266 3283 ab
282 3222 356 3284 urbe
372 3221 503 3300 domum,
518 3243 586 3284 mea
601 3223 745 3299 carmina,
761 3223 862 3284 ducite
878 3217 1041 3301 Daphnim.

97 3305 168 3368 'Has
184 3307 254 3369 olim
270 3309 393 3370 exuvias
408 3309 480 3369 mihi
495 3307 627 3390 pertidus
642 3308 692 3369 ille
708 3309 840 3389 reliquit,

101 3390 234 3473 Pignora
250 3414 321 3455 cara
336 3394 401 3455 sui:
426 3415 503 3476 quac
519 3415 598 3456 nunc
616 3415 673 3476 ego
688 3395 788 3455 limine
804 3393 924 3474 inipso,

101 3476 207 3556 Terra,
222 3479 276 3540 tibi
291 3479 419 3555 mando;
443 3480 555 3541 debent
569 3480 644 3541 haec
662 3480 787 3561 pignora
802 3477 963 3560 Daphnim.

101 3562 212 3626 Ducite
228 3565 266 3626 ab
282 3565 356 3627 urbe
374 3565 504 3642 domurn,
519 3587 587 3628 mea
602 3565 747 3642 11111111,
764 3564 865 3625 ducite
881 3557 1044 3644 Daphnim.

102 3648 167 3712 Has
182 3636 292 3712 herbas
308 3657 399 3733 atque
414 3652 490 3712 haec
507 3651 604 3712 Ponto
618 3651 692 3711 mihi
705 3651 786 3711 lecta
801 3669 918 3711 venena

101 3733 171 3816 Ipse
188 3736 272 3799 dedit
287 3736 420 3812 Moeris3
443 3742 609 3798 nascuntur
623 3736 752 3818 plurima
767 3735 874 3797 Ponto.

102 3819 160 3883 His
176 3843 232 3905 ego
248 3844 339 3906 saepe
354 3823 457 3906 lupum
471 3822 536 3884 fieri
553 3829 630 3884 etse
647 3821 776 3883 condere
792 3819 872 3882 silvis

1114 669 1146 719 60
