2496 4334
127 277 191 340 228
458 294 487 339 r.
512 293 654 339 urrann
675 292 821 339 unnours

125 447 258 525 Avertit,
271 445 395 509 totidem
406 447 501 510 forma
516 453 677 530 superante
694 447 852 531 juvencas.

125 532 229 615 Atque
244 534 308 612 hos,
323 553 361 594 nc
377 554 437 615 qua
451 534 550 596 forent
564 532 689 615 pedibus
701 535 828 617 vestigia
839 531 941 610 rectis,

128 618 234 681 Gauda
247 618 278 680 in
293 619 466 700 speluncam
480 625 603 695 tractos,
616 619 769 702 versisque
785 621 900 682 viarum

127 701 250 766 Iudiciis
265 714 377 786 raptos,
392 725 463 767 saxo
486 703 656 766 occultabat
676 725 779 786 opaco.

127 787 292 861 Quaerenti
305 791 388 851 nulla
403 789 442 851 ad
457 791 630 872 speluncam
645 789 731 871 signa
745 790 892 852 ferebant.

41 916 46 928 ·
125 873 260 951 Interea,
276 896 368 957 quum
385 876 449 958 jam
465 875 588 937 stabulis
604 879 739 936 saturata
752 883 887 937 moveret

126 958 412 1043 Amphitryoniades
430 965 565 1022 armenta
580 959 752 1042 abitumque
767 967 899 1043 pararet,

125 1045 269 1108 Discessu
289 1046 405 1127 mugire
418 1046 520 1124 boves,
537 1051 627 1127 atque
644 1066 730 1106 omne
748 1047 878 1127 querelis
918 1081 925 1094 ·

126 1129 251 1212 Impleri
264 1152 381 1209 nemus,
397 1137 428 1194 et
444 1132 533 1194 colles
548 1131 676 1192 clamore
692 1131 831 1213 relinqui.

126 1215 271 1278 Reddidit
286 1237 347 1278 una
360 1217 450 1279 boum
464 1237 580 1293 vocem,
592 1221 735 1298 vastoque
751 1217 806 1278 sub
822 1222 908 1279 antro

126 1300 238 1384 Mugiit
254 1307 285 1363 ct
301 1301 373 1373 Caci
387 1322 471 1385 spem
486 1301 634 1364 custodita
648 1301 764 1363 fefellit.

125 1386 186 1449 Hic
203 1407 274 1449 vero
295 1386 423 1449 Alcidae
445 1386 530 1450 furiis
545 1393 700 1448 exarserat
714 1393 778 1449 atro

125 1471 210 1535 Felle
226 1472 328 1534 dolor:
356 1473 435 1554 rapit
450 1493 533 1534 arma
547 1493 638 1535 manu
653 1472 796 1554 nodisque
813 1478 971 1554 gravatum

126 1557 241 1637 Robur,
257 1564 288 1620 et
303 1557 378 1620 aerii
392 1578 483 1620 cursu
497 1558 574 1640 petit
588 1557 683 1619 ardua
702 1557 820 1620 montis.

126 1642 203 1704 Tum
217 1645 345 1726 primum
359 1643 452 1705 nostri
469 1642 583 1705 Cacum
597 1639 700 1705 videre
715 1644 871 1705 timentem

126 1727 349 1810 Turbatumque
365 1730 468 1791 oculis.
513 1728 605 1809 Fugit
619 1728 701 1791 ilicet
716 1729 798 1791 ocior
812 1727 907 1806 Euro,

128 1811 367 1896 Speluncamque
383 1815 476 1897 petit:
499 1813 626 1897 pedibus
642 1814 729 1876 timor
744 1812 860 1876 addidit
875 1815 947 1876 alas.

126 1897 173 1961 Ut
187 1921 252 1962 sese
267 1899 397 1977 inclusit,
413 1899 568 1982 ruptisque
583 1899 712 1961 immane
728 1899 842 1962 catenis

126 1983 247 2068 Dejecit
261 2006 376 2063 sexum,
391 1985 472 2048 ferro
487 1984 567 2066 quod
583 1989 614 2046 ct
629 1990 694 2046 arte
709 1991 835 2068 paterna

127 2070 293 2149 Pendebat,
308 2071 458 2153 fultosque
474 2069 598 2132 emuniit
611 2070 704 2153 objice
720 2076 830 2152 postes,

126 2153 207 2218 Ecce
222 2156 326 2218 furens
341 2156 445 2218 animis
460 2154 566 2218 aderat
581 2154 765 2238 Tirynthius,
781 2175 957 2238 omnemque

125 2241 291 2303 Accessum
312 2241 443 2303 lustrans
463 2241 521 2303 huc
537 2261 590 2302 ora
604 2241 721 2302 ferebat
737 2247 768 2302 et
782 2241 864 2318 illuc,

125 2324 273 2388 Dentibus
288 2326 471 2388 infrendens.
517 2326 577 2387 Ter
592 2331 688 2386 totum
703 2326 837 2387 fervidus
852 2326 898 2389 ira

125 2410 249 2474 Lustrat
262 2411 407 2473 Aventini
421 2418 563 2489 montem,
578 2417 625 2473 ter
640 2432 731 2473 saxea
746 2417 843 2473 tentat

125 2495 243 2559 Limina
263 2497 476 2579 nequidquam,
492 2504 540 2559 ter
553 2498 650 2558 fessus
666 2498 743 2558 valle
761 2495 884 2558 resedit.

128 2580 234 2644 Stabat
249 2589 340 2644 acuta
354 2583 437 2661 silex,
453 2582 594 2666 praecisis
609 2581 741 2664 undique
753 2582 832 2644 saxis

128 2665 295 2749 Speluncae
312 2667 399 2730 dorso
411 2668 581 2750 insurgens,
598 2668 740 2729 altissima
753 2668 831 2746 visu,

125 2753 268 2815 Dirarum
282 2751 359 2814 nidis
374 2753 478 2815 domus
493 2760 660 2836 opportuna
673 2755 848 2815 volucrum:

126 2837 228 2915 Hanc,
243 2842 278 2898 ut
292 2858 386 2920 prona
395 2838 470 2920 jugo
485 2840 603 2901 laevum
617 2839 808 2900 incumbebat
822 2836 861 2899 ad
877 2859 1004 2918 amnem,

126 2923 242 2986 Dexter
256 2923 287 2983 in
304 2921 462 2984 adversum
477 2924 575 2985 nitens
598 2923 757 3000 concussit,
774 2928 806 2984 et
819 2923 886 2986 imis

125 3008 272 3070 Avulsam
286 3007 375 3069 solvit
389 3009 550 3087 radicibus,
565 3009 635 3070 inde
652 3013 776 3090 repente

126 3094 265 3177 Impulit3
288 3093 417 3175 impulsu
432 3115 491 3176 quo
505 3093 651 3156 maximus
662 3094 779 3155 intonat
792 3093 907 3173 aether,

126 3179 296 3242 Dissultant
311 3179 393 3260 ripae
409 3180 567 3260 refluitque
584 3179 743 3240 exterritus
759 3178 864 3240 amnis.

126 3264 172 3326 At
187 3284 294 3347 specus
309 3269 340 3325 et
356 3263 428 3325 Caci
444 3264 564 3326 detecta
579 3265 717 3347 apparuit
731 3264 837 3345 ingens

127 3351 236 3431 Regia,
252 3353 283 3410 et
296 3348 452 3410 umbrosae
467 3350 586 3432 penitus
600 3356 724 3433 patuere
738 3370 885 3412 cavernae
899 3372 906 3412 :

127 3435 198 3498 Non
212 3454 309 3512 secus,
325 3453 359 3495 ac
375 3433 400 3495 si
416 3455 475 3516 qua
489 3435 609 3517 penitus
624 3436 654 3497 vi
668 3442 750 3496 terra
765 3434 922 3497 dehiscens

127 3522 266 3583 Infernas
281 3524 396 3581 reseret
410 3519 497 3581 sedes
514 3526 546 3581 ct
560 3541 655 3602 regna
670 3520 808 3582 recludat

128 3605 257 3683 Pallida,
273 3604 318 3666 dis
332 3604 438 3684 invisa,
455 3625 604 3689 superque
619 3606 746 3667 immane
766 3606 941 3668 barathrum
1120 3625 1168 3672 245

130 3690 290 3767 Gematur,
305 3691 516 3773 trepidentque
539 3691 668 3752 immisso
682 3690 793 3753 lumine
809 3690 927 3753 Manes.

128 3776 212 3858 Ergo
226 3777 378 3858 insperata
393 3777 573 3859 deprensum
587 3776 619 3837 in
633 3776 700 3839 luce
716 3781 840 3858 repente
