2496 4334
132 265 194 330 248
475 282 504 327 P.
522 279 664 328 vinorum
684 278 828 326 annonis

131 434 273 498 Aureus:
298 435 503 517 ipsum-illum,
519 434 658 518 clypeum
674 433 837 515 cristasque
853 433 996 494 rubentes

132 521 288 602 Excipiam
303 521 386 598 sorti,
397 521 461 603 jam
475 540 554 581 nunc
570 526 623 580 tua
637 518 780 601 praemia,
796 517 881 581 Nise.

132 605 297 668 Praeterea
310 605 356 666 bis
371 625 424 666 sex
438 605 555 686 genitor
569 604 731 666 lectissima
744 609 874 664 matrum

133 690 265 772 Corpora
279 690 470 772 captivosque
486 689 579 767 dabit,
595 709 707 770 suaque
723 688 857 749 omnibus
872 707 977 763 arma;

131 775 260 856 Insuper
273 775 331 853 his,
347 775 444 857 campi
459 773 538 856 quod
553 795 607 836 rex
620 773 712 835 habet
726 773 789 854 ipse
805 771 941 834 Latinus.

131 859 174 922 Te
191 881 272 938 vero,
286 881 354 922 mea
368 881 457 942 quem
472 859 573 941 spatiis
588 858 772 941 propioribus
787 864 871 919 aetas

130 945 316 1027 Insequitur,
332 945 502 1007 venerande
517 965 603 1026 puer,
614 945 678 1026 jam
692 948 813 1025 pectore
827 948 888 1004 toto

130 1029 257 1112 Accipio
272 1036 303 1091 et
318 1030 455 1092 comitem
471 1048 557 1091 casus
573 1029 753 1110 complector
766 1027 798 1088 in
812 1047 924 1089 omnes.

131 1113 225 1176 Nulla
238 1114 312 1175 meis
328 1115 390 1176 sine
406 1120 436 1176 te
452 1120 614 1195 quaeretur
628 1113 722 1193 gloria
737 1112 826 1174 rebus
840 1132 848 1186 ;

134 1197 195 1260 Seu
209 1220 314 1281 pacem
329 1220 383 1261 seu
397 1199 475 1261 bella
489 1219 603 1280 geram,
618 1197 672 1258 tibi
686 1198 815 1259 maxima
828 1218 930 1258 rerum

131 1283 359 1365 Verborumque
374 1284 459 1346 fides
506 1283 619 1345 Contra
633 1303 721 1363 quem
736 1283 808 1343 talia
823 1282 905 1344 fatur

131 1369 302 1451 Euryalus:
327 1368 379 1430 Me
394 1369 477 1429 nulla
491 1368 554 1429 dies
569 1373 630 1428 tam
645 1367 769 1428 fortibus
785 1367 863 1429 ausis

131 1453 313 1514 Dissimilem
328 1454 480 1535 arguerit:
506 1458 623 1514 tantum
637 1453 756 1513 fortuna
770 1451 903 1513 secunda

132 1537 226 1599 Haud
241 1538 367 1600 adversa
383 1537 481 1600 cadat.
504 1571 507 1578 ·
529 1536 590 1599 Sed
605 1543 635 1598 te
651 1537 853 1618 superomnia
867 1536 946 1598 dona

131 1621 234 1684 Unum
249 1644 319 1684 oro:
344 1623 481 1704 genetrix
496 1622 607 1683 Priami
623 1621 660 1682 de
676 1627 766 1702 gente
783 1626 903 1683 vetusta

132 1707 188 1768 Est
201 1707 282 1785 mihi,
295 1728 385 1788 quam
397 1708 536 1768 miseram
548 1707 644 1769 tenuit
657 1728 717 1768 non
731 1706 790 1768 Ilia
803 1707 892 1769 tellus

131 1790 253 1852 Mecum
268 1792 473 1869 excedentem,
489 1814 548 1854 non
562 1792 678 1853 moenia
692 1791 772 1872 regis
787 1790 941 1853 Acestae:

131 1876 220 1938 Hanc
236 1897 293 1957 ego
307 1898 387 1938 nunc
397 1877 539 1958 ,ignaram
552 1877 641 1959 hujus
657 1876 865 1957 quodcumque
881 1876 983 1959 pericli
1000 1883 1046 1939 est

131 1961 228 2042 Inque
244 1963 402 2023 salutatam
415 1963 516 2043 linquo
530 1982 538 2037 ;
561 1960 631 2023 Nox
646 1967 678 2022 et
692 1967 745 2022 tua
756 1964 841 2024 testis

131 2046 275 2124 Dextera,
292 2046 372 2129 quod
386 2067 534 2128 nequeam
547 2047 695 2128 lacrymas
711 2047 844 2128 perferre
859 2046 1009 2129 parentis3

131 2129 176 2191 At
190 2136 235 2208 tu,
251 2153 312 2210 oro,
328 2133 422 2194 solare
437 2132 566 2213 inopem,
582 2138 613 2193 et
624 2151 766 2193 succurre
782 2133 916 2193 relictae.

132 2215 220 2276 Hanc
237 2216 299 2278 sine
314 2237 362 2278 me
377 2237 461 2298 spem
475 2217 554 2278 ferre
570 2216 633 2277 tui:
659 2216 815 2278 audentior
830 2217 877 2278 ibo

131 2299 170 2360 In
185 2320 270 2363 casus
286 2322 396 2363 omncs
442 2302 590 2362 Percussa
604 2307 703 2362 mente
720 2301 830 2362 dedere

131 2384 322 2447 Dardanidae
338 2387 496 2468 lacrymaS,
515 2392 584 2446 ente
600 2406 700 2448 omnes
718 2386 843 2466 pulcher
858 2387 953 2463 Iulus,

131 2468 234 2550 Atque
252 2472 382 2532 animum
397 2473 511 2552 patriae
526 2471 645 2531 strinxit
659 2471 778 2552 pictatis
794 2471 901 2552 imago.

131 2554 208 2615 Tum
222 2555 263 2617 sic
281 2557 406 2617 effatur:

133 2637 252 2720 Sponde
269 2639 360 2720 digna
375 2641 433 2701 tuis
448 2641 617 2720 ingentibus
632 2640 729 2701 omnia
746 2641 878 2721 coeptis:

131 2722 270 2806 Namque
287 2725 344 2785 crit
357 2725 414 2786 ista
428 2725 499 2784 mihi
514 2725 661 2806 genetrix,
677 2746 843 2806 nomenque
860 2725 992 2788 Creusae

133 2807 236 2869 Solum
251 2809 391 2886 defuerit,
406 2831 462 2871 nec
478 2817 597 2891 partum
613 2811 710 2890 gratia
725 2811 815 2870 taleni

131 2892 231 2953 Parva
246 2900 356 2954 manet.
403 2892 497 2954 Casus
513 2895 624 2956 factum
640 2895 818 2975 quicumque
835 2900 1018 2975 sequentur:

131 2976 192 3037 Per
207 2983 297 3058 caput
311 2978 366 3039 hoc
378 2978 458 3059 juro,
474 2999 528 3059 per
544 2979 623 3059 quod
638 2985 725 3060 pater
740 2985 809 3040 ante
825 2980 937 3040 solebat
953 3002 960 3040 :

132 3059 216 3132 Quae
232 3062 285 3123 tibi
300 3062 439 3143 polliceor
453 3063 557 3124 reduci
571 3064 720 3145 rebusque
736 3064 885 3140 secundis,

131 3146 217 3207 Haec
234 3147 339 3208 eadem
353 3147 500 3228 matrique
516 3154 586 3209 tuae
602 3149 764 3229 generique
779 3149 951 3210 manebunt.

133 3229 182 3291 Sic
198 3230 240 3290 ait
254 3232 443 3312 illacrymans
457 3252 465 3306 ;
487 3233 610 3294 humero
626 3234 711 3294 simul
727 3232 809 3294 exuit
825 3253 927 3294 ensem

130 3313 292 3392 Auratum,
307 3316 383 3376 mira
397 3337 487 3396 quem
501 3318 615 3378 fecerat
629 3325 693 3378 arte
709 3317 832 3399 Lycaon

132 3397 260 3461 Cnosius
276 3405 365 3480 atque
380 3400 509 3460 habilem
524 3402 632 3481 vagina
647 3408 765 3482 aptarat
780 3402 902 3462 eburna.

130 3483 193 3545 Dat
208 3483 283 3546 Niso
301 3484 477 3545 Mnestheus
493 3487 601 3567 pellem
614 3487 821 3567 horrentisque
838 3487 931 3548 leonis

131 3568 263 3631 Exuvias
277 3590 284 3645 ;
308 3571 425 3650 galeam
439 3570 516 3630 fidus
531 3577 682 3652 permutat
697 3570 815 3632 Aletes.

131 3653 278 3716 Protenus
294 3655 400 3716 armati
416 3655 580 3731 incedunt;
604 3677 676 3736 quos
692 3656 785 3717 omnis
803 3663 908 3718 euntes

130 3738 297 3801 Primorum
311 3761 415 3803 manus
433 3740 472 3802 acl
487 3747 598 3822 portae,
609 3742 814 3823 juvenumque
830 3762 1005 3824 senumque,
