2496 4334
135 265 198 328 292
479 282 508 327 r.
532 280 674 327 vraemrr
695 280 841 327 nunonis

137 431 291 516 Supplicia
304 432 366 497 l-
375 439 406 496 et
421 435 555 516 scopulos
569 434 743 518 lacrymosis
758 433 880 496 vocibus
894 433 1029 518 implent.

135 518 222 581 Haec
240 519 315 582 adeo
331 539 368 580 ex
382 520 432 581 illo
447 519 519 581 mihi
529 521 594 602 jam
609 518 757 601 speranda
767 519 892 581 fuerunt

135 603 293 686 Tempore,
309 625 400 685 quum
416 605 495 666 ferro
511 604 650 666 coelestia
666 624 790 685 corpora
805 604 927 666 demens

134 688 270 771 Appetii,
286 695 318 750 et
332 688 461 752 Veneris
477 689 583 752 violavi
598 690 722 753 vulnere
738 689 885 752 dextram.

135 772 185 834 Ne
201 794 283 850 vero,
295 794 333 834 ne
349 795 397 835 me
412 774 452 835 ad
467 775 542 836 tales
557 774 698 856 impellite
714 795 841 856 pugnas.

135 857 168 920 N
169 879 203 920 ec
220 858 291 919 mihi
306 879 374 920 cum
388 858 512 921 Teucris
527 860 620 921 ullum
635 864 702 940 po'st
717 866 804 921 eruta
817 859 929 921 bellum

135 941 296 1024 Pergama,
311 964 367 1005 nec
383 950 519 1005 veterum
533 943 653 1005 memini
668 944 800 1006 laetorve
814 945 971 1006 malorum.

135 1026 277 1105 Munera,
291 1048 368 1109 quae
384 1028 487 1110 patriis
503 1028 542 1091 ad
556 1049 604 1090 me
619 1029 744 1110 portatis
759 1029 796 1091 ab
811 1029 881 1107 oris,

135 1111 256 1175 Vertite
272 1113 310 1174 ad
325 1112 464 1175 Aenean.
511 1112 655 1176 Stetimus
670 1114 731 1175 tela
745 1133 852 1196 aspera
867 1118 983 1192 contra,

137 1196 381 1280 Contulimusque
396 1219 522 1260 manus:
547 1203 669 1279 experto
685 1198 810 1277 credite,
826 1203 956 1280 quantus

134 1281 173 1344 In
189 1283 328 1365 clypeum
343 1289 492 1364 assurgat,
508 1304 566 1365 quo
581 1283 700 1344 turbine
712 1289 852 1365 torqueat
865 1283 993 1346 hastam.

137 1365 170 1429 Si
186 1367 244 1429 duo
259 1374 417 1449 praeterea
433 1369 508 1430 tales
523 1367 618 1429 idaea
630 1368 747 1430 tulisset

135 1451 230 1513 Terra
245 1452 334 1530 viros,
349 1454 427 1514 ultro
443 1452 583 1514 Inachias
598 1453 729 1515 venisset
743 1452 782 1515 ad
797 1452 886 1514 urbes

134 1536 306 1615 Dardanus,
323 1544 354 1599 et
368 1537 460 1600 versis
475 1539 594 1618 lugeret
610 1535 739 1600 Graecia
754 1537 833 1599 fatis.

135 1620 287 1703 Quidquid
302 1622 383 1703 apud
398 1622 491 1684 durae
507 1629 657 1684 cessatum
671 1631 718 1684 est
731 1622 848 1684 moenia
862 1621 981 1704 Trojae,

134 1705 276 1769 Hectoris
291 1706 476 1790 Aeneaeque
492 1727 583 1768 manu
597 1707 721 1770 victoria
737 1705 862 1769 Graium

134 1790 244 1853 Haesit
258 1798 289 1853 et
302 1792 334 1853 in
349 1792 498 1854 decimum
508 1791 635 1873 vestigia
650 1792 752 1854 retulit
764 1813 884 1853 annum.

133 1876 232 1938 Ambo
249 1877 364 1954 animis,
377 1877 462 1938 ambo
477 1877 608 1958 insignes
625 1877 847 1958 praestantibus
862 1875 950 1938 armis
964 1894 973 1951 ;

133 1961 194 2023 Hic
210 1963 322 2044 pietate
337 1962 427 2044 prior.
474 1960 590 2024 coeant
604 1962 635 2023 in
649 1962 772 2024 foedera
787 1961 922 2038 dextrae,

134 2045 201 2118 Qua
217 2047 306 2109 datur
320 2067 328 2122 ;
351 2053 398 2108 ast
414 2047 503 2108 armis
518 2053 698 2109 concurrant
712 2068 796 2109 arma
810 2044 936 2109 cavete!

133 2131 175 2193 Et
190 2153 332 2215 responsa
347 2132 434 2194 simul
449 2152 526 2213 quae
542 2132 612 2210 sint,
628 2153 682 2193 rex
697 2132 819 2214 optime,
835 2130 915 2212 regis

131 2215 266 2295 Audisti,
282 2223 314 2278 et
328 2237 405 2299 quae
421 2216 460 2278 sit
474 2237 582 2297 magno
593 2217 743 2279 sententia
752 2216 841 2278 bello.

176 2300 238 2364 Vix
254 2323 290 2363 ea
303 2301 415 2382 legati3
438 2301 599 2382 variusque
616 2323 737 2385 perora
752 2300 886 2363 cucurrit

131 2383 320 2447 Ausonidum
336 2387 456 2448 turbata
470 2386 598 2448 fremor:
624 2407 679 2448 ceu
695 2407 767 2449 saxa
781 2391 935 2448 morantur

134 2468 233 2541 Quum
248 2471 366 2554 rapidos
382 2491 495 2548 amnes,
510 2471 545 2531 fit
560 2473 660 2533 clauso
675 2472 794 2552 gurgite
810 2491 956 2548 murmur,

133 2553 320 2638 Vicinaeque
335 2556 468 2617 fremunt
483 2556 566 2637 ripae
582 2556 798 2638 crepitantibus
813 2554 912 2617 undis.

132 2638 179 2702 Ut
193 2642 320 2722 primurn
336 2642 446 2723 placati
461 2641 550 2703 animi
566 2648 597 2703 et
611 2641 729 2723 trepida
744 2662 796 2703 ora
813 2641 964 2724 quierunt,

52 2714 56 2741 ¹
132 2723 292 2789 Praefatus
307 2727 390 2788 divos
405 2726 476 2789 solio
491 2747 545 2787 rex
557 2727 624 2787 infit
638 2727 675 2788 ab
691 2728 769 2788 alto:

174 2810 257 2872 Ante
270 2810 409 2894 equidem
423 2833 538 2874 summa
554 2812 591 2873 de
606 2833 639 2872 re
651 2812 801 2887 statuisse,
813 2808 925 2887 Latini,
944 2862 946 2873 .

133 2892 175 2955 Et
189 2897 309 2974 vellem,
323 2903 354 2957 et
368 2896 468 2958 fuerat
483 2898 600 2974 melius,
615 2918 675 2958 non
690 2906 824 2978 ternpore
840 2895 893 2956 tali

133 2978 250 3061 Cogere
267 2981 434 3058 concilium,
449 3002 541 3063 quum
555 3002 654 3043 muros
669 2981 781 3043 assidet
794 2979 897 3041 hostis.

131 3062 251 3128 Bellum
266 3067 477 3149 importunum,
494 3067 585 3145 civeS,
601 3088 670 3129 curn
686 3073 775 3148 gente
792 3066 916 3127 deorum

131 3148 316 3233 Invictisque
332 3151 402 3212 viris
418 3152 560 3232 gerimus,
576 3173 649 3233 quos
664 3153 746 3213 nulla
760 3151 890 3231 fatigant

132 3232 261 3313 Proelia,
277 3256 335 3297 nec
348 3236 419 3297 victi
433 3243 557 3317 possunt
571 3237 714 3299 absistere
729 3236 819 3297 ferro.

134 3317 227 3400 Spem
242 3321 267 3382 si
282 3340 371 3401 quarn
387 3319 507 3381 adscitis
521 3319 665 3383 Aetolum
679 3321 823 3383 habuistis
835 3319 867 3380 in
878 3318 978 3395 armis,

132 3403 239 3466 Ponite
253 3427 260 3466 :
285 3425 353 3486 spes
365 3404 419 3466 sibi
431 3404 567 3485 quisque.
615 3405 676 3468 Sed
690 3406 764 3468 haec
778 3426 868 3487 quam
879 3410 1018 3485 angusta,
1029 3401 1148 3465 videtis.

133 3488 244 3552 Cetera
260 3511 319 3572 qua
330 3509 431 3551 rerum
441 3490 565 3571 jaceant
576 3492 713 3571 perculsa
728 3491 826 3569 ruina,
1125 3506 1173 3554 310

131 3573 215 3636 Ante
231 3576 331 3636 oculos
346 3575 484 3655 interque
500 3595 605 3637 manus
621 3582 691 3637 sunt
705 3576 802 3637 omnia
817 3580 943 3636 vestras.

131 3657 164 3719 N
165 3681 199 3721 ec
216 3681 395 3742 quemquam
411 3660 534 3722 incuso:
557 3660 654 3742 potuit
669 3682 746 3742 quae
759 3661 885 3743 plurima
896 3661 991 3723 virtus

132 3742 219 3824 Esse,
232 3745 309 3822 fuit3
332 3751 394 3808 toto
410 3751 558 3809 certatum
573 3752 620 3809 est
634 3766 757 3829 corpore
773 3746 869 3827 regni.
