2496 4334
104 292 145 358 16
458 314 486 358 r.
511 313 653 360 vrncrnn
679 313 824 362 nunonis

104 465 241 530 Alternis
255 466 348 550 igitur
363 468 544 530 contendere
560 467 695 531 versibus
711 469 797 530 ambo

105 550 262 634 Coepere:
286 555 418 616 alternos
433 553 541 616 Musae
557 554 725 616 meminisse
741 555 890 617 volebant.

102 637 168 699 Hos
185 637 337 720 Corydon,
353 639 418 702 illos
433 640 585 702 referebat
599 640 630 701 in
645 639 749 702 ordine
767 640 901 724 Thyrsis
1119 662 1152 711 2⁰

152 720 203 784 Co.
220 723 393 808 Nymphae,
408 732 510 788 noster
525 747 618 804 amor,
633 724 835 804 Libethrides,
852 732 905 787 aut
918 725 991 788 mihi
1006 747 1140 807 carmen,

104 804 200 881 Quale
216 831 282 872 meo
299 809 408 888 Codro,
426 811 603 886 concedite3
624 812 759 893 proxima
773 811 888 873 Phoebi

105 893 252 957 Versibus
268 896 317 958 ille
333 897 427 972 faoit3
451 902 514 974 aut,
530 898 629 958 sinon
644 917 798 978 possumus
813 917 927 975 omues,

105 979 167 1042 Hic
183 987 292 1063 arguta
306 1003 392 1044 sacra
406 982 549 1064 pendebit
563 983 663 1044 fistula
677 982 760 1065 pinu.

151 1065 208 1128 Tb.
226 1066 378 1146 PastoreS,
393 1068 507 1130 hedera
523 1075 709 1130 crescentem
724 1073 827 1130 ornate
843 1069 974 1150 poetam,

103 1150 253 1230 Arcades,
269 1153 381 1216 invidia
396 1160 573 1237 rumpantur
588 1154 688 1215 utilia
704 1152 803 1216 Codro
816 1173 824 1230 ;

101 1234 179 1316 Aut,
195 1239 220 1299 si
234 1239 314 1301 ultra
328 1240 471 1322 placitum
484 1239 626 1317 laudarit,
640 1239 768 1301 baccare
784 1239 914 1302 frontem

103 1322 234 1405 Cingite,
249 1346 288 1386 ne
304 1326 366 1387 vati
380 1332 488 1388 noceat
502 1327 581 1387 mala
595 1325 698 1406 hngua
712 1325 824 1387 futuro.

151 1406 202 1470 Oc.
221 1408 319 1473 Setosi
335 1417 426 1494 caput
440 1412 496 1473 hoc
513 1411 577 1494 apri
592 1411 657 1488 tibi,
673 1411 773 1490 Delia,
790 1431 900 1493 parvus

102 1493 144 1557 Mt
158 1517 276 1558 ramosa
290 1496 393 1559 Micon
410 1497 521 1560 vivacis
537 1517 650 1559 cornua
665 1496 757 1558 cervi.

103 1578 137 1643 Si
152 1583 304 1664 proprium
318 1583 374 1644 hoc
390 1583 493 1661 fuerit,
508 1583 568 1645 levi
583 1583 621 1644 de
636 1603 783 1645 marmore
799 1588 864 1645 tota

101 1666 235 1730 Puniceo
250 1669 342 1731 stabis
358 1690 443 1732 suras
459 1669 578 1731 evincta
593 1668 748 1730 cothurno

148 1751 204 1815 Tb.
224 1752 329 1816 Sinum
342 1755 429 1817 lactis
445 1755 565 1818 ethaeo
581 1760 611 1816 te
626 1755 697 1832 liba,
713 1754 835 1837 Priape,
852 1754 1010 1836 quotannis

102 1837 287 1922 Exspectare
303 1846 350 1902 sat
366 1848 431 1902 est:
457 1849 556 1903 custos
572 1861 604 1903 es
619 1840 759 1923 pauperis
773 1840 862 1901 horti.

101 1924 192 1986 Nunc
208 1932 238 1987 te
255 1947 454 1988 marmoreum
468 1949 522 2009 pro
537 1933 670 2009 tempore
686 1926 811 1988 fecimus
825 1945 833 2001 ;
857 1932 889 1988 at
903 1931 948 2004 tu,

103 2008 136 2072 Si
150 2011 250 2073 fetura
265 2033 389 2095 gregem
404 2013 597 2094 suppleverit,
614 2033 722 2074 aureus
738 2017 812 2073 esto.

150 2093 200 2157 Oc.
219 2096 333 2160 Nerine
351 2097 491 2176 Galatea,
507 2099 609 2181 thymo
625 2098 697 2159 mihi
712 2097 827 2159 dulcior
841 2095 975 2180 Hyblae,
1075 2106 1078 2111 ’

102 2180 265 2245 Candidior
280 2185 394 2267 cycnis,
409 2184 523 2246 hedera
537 2184 690 2245 formosior
705 2184 783 2261 alba,

101 2266 179 2330 Cum
193 2269 321 2351 primum
336 2271 415 2351 pasti
430 2276 569 2352 repetent
583 2269 740 2351 praesepia
755 2267 845 2346 tauri,

103 2352 136 2415 Si
151 2374 212 2435 qua
226 2354 270 2416 tui
287 2353 452 2438 Corydonis
467 2356 558 2417 habet
573 2361 603 2416 te
620 2375 703 2432 cura,
719 2354 830 2416 venito.

147 2438 203 2501 Tb.
221 2439 286 2503 lmo
301 2461 357 2522 ego
375 2438 497 2504 Sardois
512 2441 616 2503 videar
631 2440 684 2503 tibi
699 2439 827 2503 amarior
841 2438 953 2516 herbis,

100 2523 260 2589 Horridior
274 2547 373 2605 ruscO,
389 2527 524 2610 projecta
538 2527 623 2588 vilior
638 2528 726 2609 alga:

101 2608 134 2672 Si
148 2613 220 2673 mihi
235 2635 294 2676 non
309 2614 384 2675 haoc
399 2613 452 2674 lux
466 2620 529 2676 toto
539 2614 603 2697 jam
617 2612 733 2694 longior
747 2632 824 2674 anno
840 2616 896 2672 est.

99 2695 147 2758 Ite
164 2697 284 2759 domum
298 2699 388 2780 pasti,
404 2699 428 2760 si
444 2699 510 2780 quis
525 2699 632 2782 pudor,
648 2699 689 2760 ite
696 2697 830 2780 juvenci.

147 2779 198 2843 Co.
216 2783 349 2845 Muscosi
364 2784 472 2861 fontes,
488 2792 519 2846 et
534 2805 635 2846 somno
651 2784 766 2845 molhor
779 2782 884 2860 herba,

99 2867 141 2929 Et
156 2888 233 2950 quae
249 2890 301 2931 vos
316 2890 386 2931 rara
400 2869 502 2932 vindis
518 2870 594 2951 tegit
609 2870 733 2931 arbutus
748 2868 864 2945 umbra,

101 2953 266 3017 Solstitium
281 2954 382 3038 pecori
398 2954 550 3017 defendite
563 2975 571 3029 ;
589 2956 654 3038 jam
668 2954 752 3017 venit
766 2961 865 3016 aestas

98 3041 236 3118 Torrida,
247 3042 312 3124 jam
326 3042 406 3104 laeto
421 3046 545 3123 turgent
560 3041 591 3103 in
605 3041 727 3123 palmite
744 3059 890 3122 gemmae.

145 3123 200 3191 nt.
217 3128 277 3190 Hic
294 3127 377 3191 focus
393 3133 425 3190 et
438 3128 546 3190 taedae
562 3127 699 3209 pingues,
713 3127 762 3188 hic
777 3126 921 3208 plurimus
936 3124 1013 3207 ignis

99 3210 236 3296 Semper,
252 3220 283 3276 et
298 3213 419 3276 assidua
433 3220 533 3296 postes
547 3213 671 3294 fuligine
686 3212 775 3294 nigri.

97 3299 158 3361 Hic
175 3306 292 3378 tantum
308 3299 425 3361 Boreae
442 3320 581 3362 curamus
596 3299 721 3380 frigora,
737 3302 883 3380 quantum

96 3384 164 3447 Aut
178 3405 335 3446 numerum
350 3385 449 3467 lupus,
466 3392 518 3447 aut
532 3385 678 3446 torrentia
691 3384 814 3446 flumina
828 3383 919 3465 ripas.

146 3468 196 3533 00.
217 3470 306 3533 Stant
321 3477 352 3532 et
362 3471 506 3553 juniperi,
523 3477 553 3533 et
569 3477 727 3533 castaneae
742 3470 876 3532 hirsutae
890 3487 898 3545 ;

99 3554 203 3620 Strata
212 3559 319 3641 jacent
332 3557 443 3640 passim
458 3578 513 3619 sua
528 3577 665 3638 quaeque
682 3557 736 3618 sub
753 3557 858 3618 arbore
873 3573 962 3638 poma
976 3573 985 3630 ;

98 3641 208 3706 Omnia
221 3664 301 3705 nunc
316 3643 417 3705 rident
432 3664 439 3705 :
464 3650 496 3705 at
511 3643 535 3705 si
550 3643 694 3704 formosus
709 3641 815 3704 Alexis

96 3728 250 3791 Montibus
265 3729 311 3791 his
327 3730 428 3809 abeat,
443 3729 546 3791 videas
563 3736 593 3791 et
606 3729 729 3789 flumina
743 3729 833 3791 sicca.

146 3814 200 3878 M.
217 3815 297 3877 Aret
312 3834 407 3897 ager3
430 3815 502 3878 vitio
517 3814 646 3876 moriens
661 3814 723 3875 sitit
738 3814 816 3875 airis
830 3812 925 3875 herba
938 3830 946 3888 ;
