2496 4334
431 265 592 313 strambos
615 265 679 312 ΠΒ.
703 265 756 312 111.

108 416 230 482 Bellum
245 418 335 481 etiam
350 439 403 502 pro
419 418 512 481 caede
526 420 615 482 boum
629 419 790 501 stratisque
800 417 950 502 juvencis,

66 501 349 582 Laomedontiadas,
364 504 512 567 bellumne
527 505 638 566 inferre
653 504 776 587 paratis,

66 587 110 650 Et
123 588 221 671 patrio
236 588 389 672 Harpyias
404 589 535 652 insontes
550 591 660 672 pellere
676 587 794 670 regno?

65 672 208 756 Accipite
223 694 296 756 ergo
312 673 416 737 animis
431 681 522 758 atque
536 675 611 737 haec
626 696 694 737 mea
707 675 791 756 figite
808 674 910 736 dicta:

66 756 153 830 Quae
170 758 291 822 Phoebo
306 765 392 842 pater
406 760 601 843 omnipotens,
616 760 687 821 mihi
702 758 841 822 Phoebus
856 758 965 842 Apollo

66 842 233 922 Praedixit,
249 843 331 906 vobis
350 843 509 908 Furiarum
523 866 579 927 ego
593 845 721 907 maxima
742 844 850 927 pando.

65 927 188 990 Italiam
203 948 293 991 eursu
308 928 420 1011 petitis,
435 931 591 1013 ventisque
610 931 722 992 vocatis

65 1012 154 1075 Ibitis
170 1012 301 1091 Italiam,
316 1020 478 1097 portusque
493 1015 604 1077 intrare
619 1014 730 1077 licebit.

67 1096 130 1161 Sed
144 1119 206 1161 non
220 1105 289 1161 ante
307 1098 407 1161 datam
422 1099 547 1182 cingetis
562 1100 715 1163 moenibus
729 1099 844 1177 urbem,

66 1181 166 1255 Quam
180 1203 232 1246 vos
248 1183 313 1246 dira
326 1184 432 1263 fames,
447 1190 624 1268 nostraeque
640 1184 749 1268 injuria
764 1184 875 1263 caedis,

64 1267 215 1331 Ambesas
230 1268 348 1350 subigat
362 1269 447 1332 malis
463 1269 616 1332 absumere
634 1290 763 1332 mensas.

109 1353 206 1431 Dixit,
221 1360 253 1415 et
266 1353 297 1415 in
311 1354 416 1416 silvam
429 1355 534 1438 pennis
549 1356 649 1418 ablata
662 1355 785 1438 refugit.

64 1436 213 1501 Aesonis
229 1438 326 1501 subita
339 1438 455 1520 gelidus
470 1439 625 1503 formidine
640 1441 761 1522 sanguis

64 1522 227 1605 Deriguit3
251 1522 386 1586 cecidere
401 1524 509 1601 animi3
531 1546 588 1588 nec
598 1527 663 1609 jam
679 1526 805 1609 amplius
820 1524 921 1605 armis,

67 1605 132 1671 Sed
146 1608 221 1672 votis
235 1609 432 1691 precibusque
442 1610 552 1693 jubent
566 1631 726 1693 exposcere
741 1630 857 1694 pacem,

67 1691 139 1755 Sive
155 1693 240 1771 deae,
255 1714 309 1756 seu
323 1694 382 1756 sint
397 1693 478 1757 dirae
493 1695 716 1778 obscoenaeque
731 1696 878 1758 volucres·

66 1777 109 1839 Et
125 1784 212 1860 pater
224 1778 373 1841 Anchises
388 1780 481 1861 passis
497 1779 534 1842 de
549 1779 634 1842 litore
649 1780 754 1862 palmis

64 1862 200 1925 Numina
212 1884 322 1945 magna
336 1870 434 1943 vocat,
448 1865 627 1948 meritosque
645 1866 750 1928 indicit
762 1865 905 1928 honores:

64 1947 117 2027 Di,
130 1948 283 2030 prohibete
297 1948 410 2013 minas!
434 1949 476 2028 di,
493 1951 583 2012 talem
598 1951 724 2013 avertite
743 1970 855 2029 casum,

64 2032 108 2095 Et
122 2033 231 2115 placidi
245 2040 362 2096 servate
377 2033 458 2117 pios!
504 2034 580 2097 Tum
594 2036 680 2098 litore
702 2036 804 2098 funem

64 2117 223 2200 Deripere,
239 2139 437 2202 excussosque
447 2120 536 2203 jubet
549 2121 651 2183 laxare
666 2120 819 2183 rudentes.

63 2202 207 2265 Tendunt
221 2204 288 2266 vela
302 2203 396 2267 Noti:
420 2205 544 2268 ferimur
558 2207 761 2289 spumantibus
775 2204 875 2284 undis,

64 2286 133 2360 Qua
148 2308 268 2350 cursum
282 2295 447 2372 ventusque
463 2291 702 2374 gubernatorque
718 2292 853 2355 vocabat.

61 2373 85 2435 J
86 2394 136 2435 am
149 2374 247 2436 medio
261 2381 386 2458 apparet
400 2375 494 2437 fluctu
507 2396 661 2439 nemorosa
672 2377 851 2460 Zacynthos,

62 2458 307 2541 Dulichiumque,
324 2457 483 2542 Sameque,
499 2467 531 2522 et
544 2461 576 2523 N
577 2462 667 2524 eritas
681 2461 776 2524 ardua
790 2461 877 2524 sarde.

62 2543 230 2626 Effugimus
243 2544 377 2626 scopulos
392 2544 527 2624 Ithacae,
543 2545 665 2609 Laertia
678 2568 783 2628 regna,

63 2628 106 2690 Et
119 2635 232 2691 terram
246 2628 380 2691 altricem
394 2630 476 2692 saevi
491 2652 681 2694 exsecramur
696 2632 788 2694 Ulixi.

62 2713 136 2776 Mox
153 2719 184 2775 et
199 2712 350 2775 Leucatae
365 2714 497 2777 nimbosa
512 2717 667 2780 cacumina
683 2717 803 2795 montis,

63 2798 105 2862 Et
118 2798 294 2861 formidatus
308 2799 407 2861 nautis
422 2799 556 2882 aperitur
576 2800 695 2883 Apollo.

62 2882 155 2945 Hunc
172 2883 299 2965 petimus
315 2884 396 2962 fessi,
412 2890 444 2946 et
459 2905 568 2967 parvae
584 2886 770 2948 succedimus
785 2885 861 2950 urbi.

61 2967 207 3030 Anchora
219 2967 257 3030 de
273 2989 361 3051 prora
370 2969 503 3051 jacitur;
525 2977 607 3032 stant
619 2971 705 3033 litore
720 2992 845 3055 puppes.

104 3053 188 3134 Ergo
202 3053 353 3136 insperata
368 3054 489 3116 tandem
503 3056 609 3116 tellure
626 3057 722 3139 potiti,

60 3137 297 3220 Lustramurque
313 3137 334 3201 J
336 3139 393 3217 ovi,
408 3139 543 3222 votisque
558 3141 744 3203 incendimus
755 3161 832 3220 aras,

60 3220 212 3305 Actiaque
227 3222 328 3285 Iliacis
344 3224 528 3287 celebramus
541 3226 628 3288 litora
640 3226 729 3289 ludis.

60 3307 214 3369 Exercent
228 3308 339 3390 patrias
354 3309 419 3371 oleo
433 3310 552 3372 labente
567 3311 730 3393 palaestras

59 3392 92 3453 N
92 3392 177 3454 udati
192 3393 284 3455 socii:
303 3393 392 3476 juvat
408 3394 536 3457 evasisse
551 3400 596 3457 tot
610 3397 700 3458 urbes

59 3476 230 3559 Argolicas,
245 3479 417 3561 mediosque
432 3479 535 3561 fugam
550 3481 681 3543 tenumse
696 3502 751 3564 per
764 3481 875 3543 hostes.

59 3561 184 3624 Interea
197 3583 338 3644 magnum
354 3564 397 3626 sol
412 3564 652 3627 circumvolvitur
666 3587 787 3645 annum,

59 3647 101 3709 Et
115 3648 249 3729 glacialis
263 3647 357 3711 hiems
372 3648 557 3731 aquilonibus
572 3657 691 3733 asperat
705 3650 811 3712 undas.

58 3730 142 3794 Aere
158 3753 232 3795 cavo
247 3734 397 3817 clypeum,
412 3735 512 3816 magni
528 3742 682 3817 gestamen
701 3734 842 3813 Abantis,
