2496 4334
141 264 183 328 el
482 285 511 330 r.
535 284 677 330 vmernu
697 283 844 330 unacurs

141 434 221 498 Talis
237 442 302 498 erat
316 436 407 516 Dido,
422 438 513 500 talem
527 459 559 501 se
574 439 655 502 laeta
668 440 786 502 ferebat

141 521 202 583 Per
216 523 339 602 medios,
353 523 465 586 instans
480 524 562 606 operi
576 525 736 608 regnisque
750 524 869 588 futuris.

141 606 217 669 Tum
232 608 342 669 foribus
358 607 455 687 divae,
469 610 569 672 media
582 611 732 673 testudine
747 611 861 692 templi,

143 689 237 775 Septa
251 694 350 772 armis,
366 693 496 776 solioque
510 696 570 756 alte
585 696 720 776 subnixa,
735 696 857 759 resedit.

111 788 113 793 ·
140 776 163 838 J
164 798 220 839 ura
235 776 326 839 dabat
339 778 482 861 legesque
497 779 579 859 viris,
594 801 775 863 operumque
790 781 921 843 laborem

141 860 281 924 Partibus
297 864 445 946 aequabat
454 865 555 946 justis,
571 871 623 927 aut
637 871 717 928 sorte
732 865 889 928 trahebat:

142 945 241 1019 Quum
255 949 351 1011 subito
365 949 487 1011 Aeneas
503 969 648 1012 concursu
663 950 808 1013 accedere
822 971 930 1031 magno

140 1031 263 1095 Anthea
280 1031 513 1117 Sergestumque
529 1034 611 1097 videt
625 1036 791 1118 fortemque
808 1034 996 1114 Cloanthum,

141 1117 382 1201 Teucrorumque
398 1120 480 1199 alios,
496 1125 561 1181 ater
576 1142 649 1202 quos
661 1140 789 1203 aequore
805 1121 891 1182 turbo

141 1202 325 1284 Dispulerat,
340 1204 517 1287 penitusque
533 1204 605 1266 alias
616 1211 759 1267 avexerat
772 1225 848 1267 oras.

143 1285 306 1372 Obstupuit
320 1289 406 1351 simul
420 1290 495 1373 ipse,
507 1290 594 1352 simul
608 1311 766 1372 percussus
781 1289 916 1353 Achates

142 1372 329 1457 Laetitiaque
344 1381 507 1457 metuque3
529 1375 608 1436 avidi
630 1377 810 1458 conjungere
829 1375 949 1438 dextras

141 1456 320 1521 Ardebant:
344 1459 398 1522 sed
412 1481 461 1522 res
477 1461 587 1522 animos
601 1461 753 1542 incognita
768 1460 878 1522 turbat.

141 1544 358 1621 Dissimulant3
380 1551 412 1607 et
425 1545 503 1607 nube
519 1566 593 1608 cava
607 1547 799 1628 speculantur
813 1545 924 1624 amicti,

142 1626 227 1701 Quae
242 1631 361 1693 fortuna
375 1630 457 1710 viris,
472 1631 596 1693 classem
611 1651 669 1712 quo
683 1630 769 1693 litore
783 1631 941 1713 linquant,

143 1712 222 1786 Quid
236 1716 358 1778 veniant
372 1716 492 1778 cuncti:
515 1737 585 1778 nam
597 1715 669 1778 lecti
682 1716 806 1778 navibus
824 1716 908 1778 ibant

61 1820 125 1901 AB>
143 1796 272 1863 Orantes
287 1801 415 1880 veniam,
430 1807 462 1864 et
476 1801 618 1884 templum
633 1803 759 1863 clamore
771 1801 923 1883 petebant.

184 1885 348 1968 Postquam
361 1887 544 1968 introgressi,
556 1891 588 1948 et
602 1907 702 1949 coram
716 1886 787 1948 data
801 1886 886 1968 copia
899 1886 1000 1963 sandi3

141 1971 292 2033 Maximus
304 1971 436 2034 Ilioneus
450 1971 566 2054 placido
581 1972 623 2034 sic
638 1977 759 2053 pectore
775 1971 892 2053 coepit:

143 2052 170 2117 Ο
186 2057 301 2138 regina,
315 2078 422 2119 novam
437 2057 485 2119 cui
500 2057 626 2119 condere
640 2056 762 2139 Jupiter
775 2057 891 2137 urbem,

140 2141 324 2225 «Iustitiaque
340 2143 423 2204 dedit
438 2149 543 2224 gentes
557 2142 675 2204 frenare
690 2142 844 2225 superbas,

142 2226 234 2289 Troes
249 2234 279 2289 te
294 2227 405 2301 miseri,
422 2227 517 2289 ventis
532 2227 625 2289 maria
639 2227 736 2289 omnia
750 2227 839 2306 vecti,

144 2310 291 2374 Oramus:
313 2312 434 2394 prohibe
450 2312 585 2374 infandos
600 2333 618 2374 a
632 2312 756 2374 navibus
769 2313 874 2394 ignes3

142 2396 238 2460 Parce
254 2398 302 2480 pio
317 2397 430 2478 generi,
446 2404 478 2458 et
492 2397 611 2479 propius
626 2418 675 2459 res
689 2397 808 2479 adspice
830 2403 957 2460 nostras.

142 2482 213 2545 Non
226 2504 279 2546 nos
297 2490 350 2544 aut
364 2484 443 2544 ferro
454 2482 582 2566 Libycos
596 2483 737 2565 populare
753 2482 883 2560 Penates

141 2568 298 2647 Venimus,
314 2574 366 2630 aut
381 2574 481 2650 raptas
494 2567 531 2630 ad
545 2568 632 2630 litora
646 2573 764 2630 vertere
780 2567 927 2650 praedas:

143 2653 214 2716 Non
229 2675 265 2715 ea
280 2654 323 2716 vis
339 2653 445 2731 animo,
459 2674 515 2715 nec
531 2659 615 2714 tanta
631 2652 769 2735 superbia
782 2653 878 2715 victis.

142 2739 199 2801 Est
212 2740 305 2817 locus,
320 2738 498 2821 Hesperiam
514 2737 598 2801 Graii
613 2738 784 2819 cognomine
801 2737 914 2815 dicunt,

142 2824 236 2886 Terra
251 2825 383 2906 antiqua,
399 2830 504 2906 potens
519 2823 608 2885 armis
623 2828 713 2904 atque
728 2823 819 2885 ubere
835 2823 939 2905 glebae
954 2841 962 2897 ;

143 2909 275 2971 Oenotri·
281 2911 398 2971 coluere
410 2908 465 2970 viri
479 2929 487 2984 ;
512 2928 592 2970 nunc
604 2909 694 2986 fama,
709 2908 836 2970 minores

141 2995 260 3057 Italiam
275 2993 383 3056 dixisse
399 2993 483 3056 ducis
498 2993 535 3055 de
551 2993 668 3055 nomine
683 2998 813 3074 gentem.

141 3080 202 3143 Hic
219 3101 325 3143 cursus
340 3079 416 3142 fuit:

142 3165 241 3236 Quum
256 3165 352 3227 subito
367 3183 525 3245 assurgens
540 3163 633 3225 fluctu
648 3163 797 3225 nimbosus
814 3161 907 3225 Orion

141 3249 179 3311 In
193 3249 271 3311 vada
286 3269 378 3311 caeca
392 3248 470 3327 tulit,
485 3248 663 3330 penitusque
678 3247 852 3330 procacibus
866 3246 989 3310 Austris

141 3333 261 3417 Perque
276 3334 383 3412 undas,
399 3338 558 3415 superante
574 3334 646 3411 salo,
662 3353 775 3414 perque
790 3332 870 3394 invia
885 3351 957 3394 saxa

141 3420 293 3501 Dispulit3
316 3420 374 3481 huc
391 3418 479 3501 pauci
493 3417 600 3480 vestris
616 3417 789 3480 adnavimus
804 3417 872 3479 oris.

142 3504 228 3579 Quod
244 3525 338 3586 genus
352 3504 408 3567 hoc
423 3501 598 3564 hominum?
621 3523 736 3585 quaeve
750 3503 830 3563 hunc
844 3507 907 3563 tam
921 3501 1049 3564 barbara
1061 3522 1174 3564 morem

141 3591 294 3653 Permittit
308 3590 405 3672 patria
417 3587 429 3650 ¹?
450 3588 576 3669 hospitio
590 3588 779 3669 prohibemur
794 3586 924 3650 arenae!
1132 3606 1180 3653 540

141 3675 228 3737 Bella
243 3676 333 3753 cient,
348 3675 502 3756 primaque
517 3679 622 3734 vetant
636 3673 796 3734 consistere
812 3678 903 3733 terra.
1118 3686 1121 3692 ’

144 3759 176 3824 si
188 3781 282 3843 genus
296 3760 458 3822 humanum
474 3764 506 3820 et
519 3757 655 3820 mortalia
669 3757 799 3820 temnitis
815 3777 909 3836 arma,
