2496 4334
101 245 163 308 206
445 266 474 310 r.
498 265 639 310 vinoun
661 262 805 309 ursonis

100 415 151 478 Ire
161 416 258 500 jubet,
270 416 359 480 ramis
376 418 488 480 velatos
503 416 636 488 Palladis
651 437 764 495 omnes,

100 502 246 584 Donaque
260 502 338 564 ferre
354 503 428 580 viro,
442 522 606 585 pacemque
622 523 782 584 exposcere
798 501 932 565 Teucris.
1092 523 1139 571 155

100 586 193 648 Haud
207 607 310 661 mora;
337 587 479 650 festinant
489 588 566 670 jussi
581 588 753 669 rapidisque
768 587 906 648 feruntur

100 671 251 733 Passibus.
295 672 366 754 Ipse
380 673 485 734 humili
500 672 638 753 designat
652 672 768 734 moenia
781 671 871 750 fossa,

99 755 282 839 Moliturque
296 758 407 836 locum,
422 758 590 841 primasque
606 756 637 818 in
651 758 737 819 litore
753 756 851 834 sedes,

101 840 272 903 Castrorum
286 842 317 903 in
331 863 454 920 morem,
465 843 561 924 pinnis
576 848 666 924 atque
682 862 794 923 aggere
809 841 912 922 cingit.

97 925 228 1008 Jamque
243 927 301 989 iter
315 929 437 1006 emensi,
453 935 551 989 turres
566 947 601 989 ac
617 933 699 989 tecta
714 926 888 988 Latinorum
1092 951 1138 1001 160

98 1010 207 1073 Ardua
222 1012 384 1074 cernebant
394 1014 532 1095 juvenes,
546 1032 690 1094 muroque
705 1011 864 1074 subibant:

98 1095 181 1158 Ante
197 1097 301 1158 urbem
316 1098 401 1180 pueri
416 1105 447 1160 et
461 1099 611 1180 primaevo
623 1097 694 1159 flore
704 1096 850 1178 juventus

99 1179 288 1243 Exercentur
302 1183 396 1264 equis,
412 1182 614 1264 domitantque
629 1182 661 1242 in
675 1181 798 1263 pulvere
814 1201 931 1260 currus,

98 1264 165 1327 Aut
179 1287 263 1328 acres
278 1267 407 1328 tendrmt
421 1288 518 1345 arcus,
535 1277 588 1330 aut
601 1267 684 1328 lenta
697 1266 817 1328 lacertis

101 1348 223 1433 Spicula
237 1358 443 1434 contorquent,
459 1372 606 1435 cursuque
621 1351 743 1433 ictuque
758 1352 910 1413 lacessunt
923 1370 932 1426 ;
1091 1373 1137 1422 los

99 1434 198 1507 Quum
212 1442 389 1519 praevectus
405 1458 481 1520 equo
495 1436 632 1518 longaevi
646 1436 726 1518 regis
743 1435 782 1498 ad
797 1456 885 1498 aures

99 1520 231 1582 Nuntius
245 1521 382 1604 ingentes
396 1522 498 1603 ignota
512 1522 543 1583 in
557 1528 639 1584 veste
655 1526 789 1604 reportat

98 1604 266 1668 Advenisse
282 1607 370 1668 viros.
415 1607 471 1669 Ille
486 1608 566 1669 intra
580 1613 662 1668 tecta
676 1606 776 1668 vocari

99 1689 243 1771 Imperat,
260 1696 290 1752 et
305 1692 375 1754 solio
389 1692 504 1754 medius
520 1690 654 1754 consedit
668 1690 757 1752 avito.

99 1774 223 1837 Tectum
240 1782 410 1858 augustum,
422 1777 539 1858 ingens,
554 1782 674 1839 centum
689 1775 812 1838 sublime
828 1775 982 1856 columnis,

100 1858 183 1922 Urbe
198 1859 255 1922 firit
269 1882 394 1941 summa,
410 1862 568 1924 Laurentis
582 1861 667 1944 regia
680 1860 756 1939 Pici,

99 1943 292 2007 Horrendum
306 1946 386 2009 silvis
401 1954 432 2009 et
446 1947 588 2029 religione
604 1952 771 2029 parentum.

99 2029 160 2091 Hic
175 2037 294 2113 sceptra
309 2031 445 2115 accipere
460 2039 492 2094 et
505 2032 614 2114 primos
629 2031 765 2094 attollere
779 2030 876 2092 fasces

99 2113 233 2196 Regibus
247 2136 334 2178 omen
350 2122 435 2191 erat;
457 2118 513 2179 hoc
528 2117 585 2178 illis
600 2116 683 2178 curia
698 2116 852 2197 templum,

98 2199 167 2261 Hae
184 2201 275 2262 sacris
290 2201 376 2264 sedes
391 2203 485 2284 epulis
499 2222 506 2276 ;
528 2201 578 2263 hic
593 2201 686 2262 ariete
706 2220 792 2262 caeso

98 2282 257 2366 Perpetuis
272 2286 350 2348 soliti
366 2292 466 2368 patres
482 2286 634 2348 considere
650 2285 770 2347 mensis.

39 2397 42 2402 ’
99 2367 178 2449 Quin
193 2370 283 2432 etiam
298 2378 434 2434 veterum
450 2372 560 2453 effigies
576 2392 613 2432 ex
628 2370 730 2433 ordine
745 2391 868 2432 avorum

97 2453 233 2536 Antiqua
248 2475 265 2516 e
280 2455 380 2535 cedro,
395 2457 561 2539 Italusque,
576 2463 720 2538 paterque
737 2453 875 2533 Sabinus,

98 2538 244 2601 Vitisator
259 2561 381 2602 curvam
396 2546 517 2603 servans
532 2541 586 2602 sub
601 2541 729 2621 imagine
746 2540 865 2617 falcem,

100 2621 306 2707 Saturnusque
321 2647 423 2703 senex,
439 2626 460 2687 J
462 2626 569 2708 auique
584 2625 719 2698 bifrontis
733 2625 843 2705 imago,

97 2708 255 2770 Vestibulo
270 2710 439 2788 adstabant,
455 2712 563 2792 aliique
579 2711 616 2772 ab
631 2710 744 2791 origine
759 2729 858 2790 reges,

97 2791 210 2854 Martia
225 2794 276 2875 qui
291 2795 327 2856 ob
342 2796 469 2877 patriam
484 2794 643 2878 pugnando
657 2795 782 2856 vulnera
797 2794 886 2875 passi.

97 2876 255 2959 Multaque
270 2886 427 2960 praeterea
442 2880 535 2941 sacris
549 2881 580 2940 in
594 2879 725 2961 postibus
741 2899 834 2954 arma,

100 2960 220 3044 Captivi
236 2963 369 3045 pendent
383 2985 499 3042 currus,
515 2984 684 3045 curvaeque
699 2983 820 3024 secures

98 3045 140 3108 Ilt
154 3047 261 3109 cristae
278 3049 419 3132 capitum,
435 3055 467 3110 ct
480 3055 633 3131 portarum
647 3048 781 3128 ingentia
796 3048 936 3124 claustra,

100 3130 476 3216 Spiculaque,.clypeique,
493 3139 655 3214 ereptaque
670 3139 768 3194 rostra
782 3132 901 3193 carinis.

97 3215 167 3295 Ipse
183 3215 328 3288 Quirinali
342 3219 426 3295 lituo,
441 3237 592 3300 parvaque
612 3216 736 3278 sedebat

100 3298 275 3363 Succinctus
290 3302 405 3380 trabea,
420 3303 565 3385 laevaque
580 3301 675 3363 ancile
692 3301 816 3382 gerebat

97 3384 199 3463 Picus,
215 3406 324 3466 equum
340 3385 475 3464 domitor,
491 3408 580 3468 quem
596 3392 685 3468 capta
702 3385 840 3467 cupidine
856 3384 974 3466 conjux,

96 3470 202 3531 Aurea
217 3491 392 3551 percussum
408 3471 503 3552 virga,
520 3491 697 3551 versumque
714 3471 847 3546 veneniS,

97 3554 183 3616 Fecit
199 3576 284 3617 avem
301 3554 399 3634 Circe,
414 3557 581 3638 sparsitque
597 3556 742 3617 coloribus
757 3556 830 3617 alas.

99 3638 164 3699 'lali
179 3640 259 3702 intus
275 3642 384 3722 templo
400 3641 501 3703 divum
515 3641 672 3723 patriaque
692 3639 818 3701 Latinus

99 3720 178 3784 Sede
194 3725 301 3786 sedens
316 3726 446 3787 Teucros
462 3727 501 3788 ad
516 3746 581 3789 sese
592 3725 623 3785 in
638 3731 720 3786 tecta
733 3724 861 3802 vocavit,
