2496 4334
84 272 126 335 64
424 289 453 334 r.
477 287 620 334 vmsrmr
642 287 787 335 nunonis

82 444 160 506 'lum
175 443 261 522 sciat,
277 443 374 505 adrias
386 443 481 526 Alpes
498 449 529 506 et
543 443 657 506 Norica
672 443 697 506 si
712 443 778 526 quis

82 529 215 592 Castella
229 530 260 591 in
275 531 406 610 tumulis,
423 536 454 591 et
469 530 593 613 Iapydis
610 550 682 592 arva
696 529 822 608 Timavi,

81 616 113 678 N
114 637 172 678 unc
189 637 307 698 quoque
323 622 390 698 post
405 620 488 677 tanto
504 615 616 694 videat,
632 616 812 698 desertaque
828 637 923 698 regna

81 701 252 780 Pastorum,
269 708 299 763 et
313 703 402 783 longe
418 702 511 763 saltus
525 702 647 783 lateque
663 708 816 764 vacantes.

126 787 187 849 Hic
203 787 353 870 quondam
367 788 469 849 morbo
486 788 561 849 coeli
575 787 744 849 miseranda
759 792 860 849 coorta
875 794 922 851 est

81 873 267 956 Tempestas,
283 879 345 934 toto
366 894 404 934 ue
421 872 557 934 autumni
571 873 726 935 incanduit
740 879 837 951 aestu,

81 958 123 1020 Et
139 980 233 1041 genus
249 978 335 1021 omne
347 895 418 1046 [deci
432 958 583 1040 pecudum
598 958 692 1036 dedit,
710 980 796 1022 omne
812 959 966 1036 ferarum3

81 1043 282 1127 Corrupitque
298 1046 380 1106 lacus
392 1064 400 1119 ;
423 1044 527 1106 infecit
541 1044 652 1126 pabula
666 1045 745 1106 tabo.

63 1174 65 1178 -
80 1130 148 1192 Nec
164 1130 213 1192 via
226 1131 329 1192 mortis
345 1136 411 1192 erat
426 1130 568 1213 simplex,
592 1130 645 1192 sed
659 1129 711 1191 ubi
725 1131 816 1212 ignea
830 1131 913 1194 venis

82 1215 226 1278 Omnibus
242 1222 311 1278 acta
325 1216 388 1278 sitis
400 1216 523 1277 miseros
539 1215 706 1277 adduxerat
720 1223 814 1296 artus,

80 1302 196 1363 Rursus
212 1301 384 1363 abundabat
398 1301 506 1363 fluidus
521 1302 628 1383 liquor,
645 1303 801 1384 omniaque
815 1304 847 1365 in
862 1324 894 1367 se

81 1385 159 1449 Ossa
172 1387 340 1449 minutatim
355 1387 456 1449 morbo
472 1388 603 1469 collapsa
617 1387 767 1449 trahebat.

82 1471 180 1556 Saepe
195 1473 353 1535 inhonore
369 1473 460 1535 deum
473 1473 571 1534 medio
586 1479 668 1534 stans
683 1473 780 1535 hostia
794 1474 834 1536 ad
848 1495 942 1557 aram,

80 1557 184 1620 Lanea
199 1559 271 1620 dum
285 1559 374 1620 nivea
389 1558 593 1621 circumdatur
605 1558 701 1621 infula
716 1558 802 1636 vitta,

79 1642 166 1706 Inter
181 1651 357 1706 cunctantes
373 1645 482 1707 cecidit
496 1644 672 1707 moribunda
686 1644 846 1710 ministros.

78 1727 147 1791 Aut
162 1729 187 1791 si
203 1750 293 1812 quarn
307 1731 387 1792 ferro
402 1735 588 1792 mactaverat
603 1736 672 1792 ante
688 1730 838 1813 sacerdos,

79 1813 157 1877 Inde
173 1837 271 1898 neque
287 1816 430 1898 impositis
447 1816 554 1878 ardent
569 1817 676 1877 altaria
689 1816 782 1894 fibris,

79 1899 112 1963 N
113 1922 147 1963 ee
163 1922 305 1983 responsa
320 1908 418 1984 potest
433 1903 585 1964 consultus
600 1901 728 1964 reddere
744 1908 852 1979 vates;

78 1985 128 2049 Ae
145 1987 195 2048 vix
210 1988 354 2070 suppositi
369 1988 526 2069 tinguntur
541 1988 685 2069 sanguine
702 1987 802 2067 cultri,

81 2071 263 2155 Summaque
275 2074 381 2156 jejuna
396 2073 478 2135 sanie
494 2074 661 2135 infuscatur
676 2094 778 2135 arena.

79 2158 161 2220 Hinc
176 2159 264 2221 laetis
280 2159 365 2220 vituli
380 2161 470 2241 vulgo
485 2159 653 2221 moriuntur
666 2159 698 2220 in
712 2158 823 2238 herbis,

79 2243 121 2305 Et
136 2244 239 2306 dulces
255 2245 367 2306 animas
382 2246 472 2326 plena
487 2245 525 2306 ad
540 2246 697 2328 praesepia
711 2244 852 2308 reddunt.

78 2329 160 2391 Hinc
177 2330 299 2392 canibus
314 2330 430 2393 blandis
446 2331 543 2392 rabies
559 2331 651 2409 venit,
667 2338 699 2392 et
714 2331 811 2413 quatit
826 2352 932 2414 aegros

79 2415 182 2478 Tussis
197 2416 305 2478 anhela
320 2437 399 2494 sues,
416 2438 451 2478 ao
467 2416 603 2479 faucibus
616 2417 699 2498 angit
714 2417 821 2480 obesis.

78 2500 204 2564 Labitur
218 2503 322 2564 infelix
338 2502 503 2564 studiorum
519 2509 609 2584 atque
621 2503 774 2565 immemor
788 2503 911 2582 herbae,

78 2587 187 2651 Victor
202 2609 308 2670 equuS,
324 2589 480 2670 fontesque
498 2589 655 2667 avertitur,
671 2594 703 2649 et
717 2589 794 2670 pede
809 2596 923 2651 terram

80 2672 195 2735 Crebra
209 2674 301 2749 serit3
325 2674 470 2736 demissae
486 2695 574 2735 aures
588 2693 596 2748 ;
619 2674 751 2736 incertus
766 2675 876 2736 ibidem

81 2756 180 2821 Sudor
193 2779 201 2834 ;
225 2766 256 2821 et
270 2760 319 2821 ille
335 2760 457 2843 quidem
473 2759 622 2822 morituris
637 2758 783 2841 frigidus;
807 2766 872 2823 aret

79 2843 182 2923 Perus,
199 2851 230 2906 et
245 2845 284 2907 ad
300 2851 414 2907 tactum
429 2845 571 2907 tractanti
587 2845 663 2907 dura
677 2846 799 2908 resistit.

78 2929 166 2992 Haeo
183 2936 252 2992 ante
269 2931 392 2993 exitium
406 2931 508 3013 primis
524 2931 597 2993 dant
612 2931 698 3013 signa
713 2930 829 2994 diebus.

80 3014 134 3078 Sin
149 3017 180 3078 in
195 3037 338 3098 processu
355 3017 453 3099 coepit
467 3017 644 3079 crudescere
660 3018 801 3080 morbus:

78 3102 160 3164 Tum·
171 3123 242 3164 vero
258 3102 398 3164 ardentes
413 3103 502 3181 oculi,
518 3108 609 3184 atquo
625 3110 771 3165 attractus
787 3104 824 3166 ab
840 3104 900 3166 alto

80 3185 220 3268 Spiritus,
236 3188 387 3250 interdum
402 3189 516 3269 gemitu
531 3189 650 3270 gravis,
673 3189 791 3271 imaque
806 3191 895 3271 longo

77 3272 138 3335 Ilia
152 3274 286 3354 singultu
300 3273 429 3335 tendunt
443 3294 450 3348 ;
473 3274 497 3336 it
511 3275 632 3336 naribus
648 3281 714 3336 ater

80 3358 222 3440 Sanguis,
238 3365 271 3420 et
286 3359 421 3421 obsessas
436 3359 539 3422 fauces
554 3360 662 3442 premit
677 3381 783 3443 aspera
797 3361 910 3442 lingua.

77 3445 197 3508 Profuit
211 3445 323 3507 inserto
338 3445 444 3506 latices
459 3445 617 3507 infundere
633 3467 726 3507 cornu

77 3531 231 3594 Lenaeos:
257 3551 294 3593 ea
309 3531 372 3593 visa
387 3531 467 3593 salus
482 3531 675 3593 morientibus
689 3536 759 3593 una.

77 3617 151 3679 Mox
166 3623 232 3679 erat
245 3617 301 3679 hoc
316 3617 415 3700 ipsum
430 3617 530 3694 exitio,
546 3616 689 3699 furiisque
705 3616 812 3679 refooti

77 3702 248 3780 Ardebant,
263 3702 379 3785 ipsique
396 3723 475 3780 suos,
486 3703 550 3785 jam
567 3709 661 3764 morte
677 3704 731 3765 sub
747 3723 900 3784 aegra,—

77 3787 119 3850 Di
132 3789 256 3850 meliora
269 3788 337 3872 piis,
353 3809 545 3871 erroremque
561 3788 694 3851 hostibus
709 3787 806 3852 illum!
816 3793 859 3835 -Ξ-
