2496 4334
450 275 610 324 AENEIDOS
640 278 704 324 ΠΒ.
736 278 769 323 V.

85 430 224 509 Balteus,
240 436 271 492 et
285 429 373 493 tereti
388 431 538 494 subnectit
551 432 643 494 fibula
659 451 795 513 gemma3

87 516 208 578 Tertius
222 515 366 598 Argolica
380 516 436 578 hac
452 518 538 599 galea
553 523 709 579 contentus
725 517 813 579 abito.

87 600 176 664 Haec
191 601 243 663 ubi
258 601 349 679 dicta,
364 602 462 663 locum
478 603 610 684 capiunt,
626 602 769 684 signoque
784 608 908 685 repente

90 686 261 768 Corripiunt
276 687 371 769 spatia
385 687 498 766 audito,
513 687 662 768 limenque
677 687 850 769 relinquunt

89 770 184 833 Effusi
198 771 295 833 nimbo
310 771 419 834 similes
433 791 441 847 ;
463 772 549 834 simul
564 773 667 834 ultima
682 772 811 854 signant.

88 856 206 918 Primus
222 856 294 935 abit,
308 857 457 939 longeque
473 864 542 919 ante
558 857 655 920 omnia
670 877 794 940 corpora
810 856 904 919 Nisus

88 941 216 1020 Emicat,
233 947 264 1003 et
279 941 374 1003 ventis
390 949 421 1004 et
435 942 565 1004 fulminis
580 943 660 1004 ocior
675 942 739 1004 alis.

86 1026 244 1089 Proximus
258 1027 340 1103 huic,
354 1028 442 1109 longo
458 1028 511 1089 sed
526 1028 675 1110 proximus
690 1027 857 1106 intervallo,

86 1111 261 1194 Insequitur
277 1110 394 1188 Salius3
417 1113 512 1195 spatio
526 1120 593 1195 post
608 1112 716 1174 deinde
728 1112 832 1174 relicto

86 1197 205 1259 Tertius
222 1196 382 1280 Euryalus.

87 1280 314 1365 Euryalumque
329 1282 479 1365 Helymus
494 1283 649 1365 sequitur3
670 1303 728 1364 quo
744 1280 852 1344 deinde
867 1282 922 1344 sub
936 1282 1001 1366 ipso

86 1365 168 1430 Ecce
184 1368 274 1446 volat,
290 1368 462 1449 calcemque
478 1368 549 1430 terit
559 1370 623 1450 jam
638 1369 719 1429 calce
736 1367 853 1445 Diores,

86 1450 267 1514 Incumbens
281 1453 404 1515 humero
416 1473 424 1527 ;
447 1453 543 1535 spatia
559 1453 629 1514 etsi
644 1453 730 1534 plura
745 1453 905 1534 supersint,

62 1541 73 1554 ⁸
86 1536 234 1600 Transeat
249 1538 367 1620 elapsus
381 1538 472 1620 prior,
487 1538 696 1619 ambiguumve
711 1538 871 1619 relinquat.

86 1620 216 1704 Jamque
230 1623 295 1684 fere
311 1624 406 1704 spatio
421 1629 564 1702 extremo,
580 1623 722 1704 fessique,
738 1622 792 1685 sub
807 1623 902 1705 ipsam

85 1705 192 1768 Finem
207 1707 420 1785 adventabant,
435 1709 494 1770 levi
508 1728 600 1789 quum
617 1708 761 1789 sanguine
777 1706 871 1769 Nisus

85 1791 212 1854 Labitur
225 1792 338 1871 infelix,
354 1793 449 1856 caesis
465 1800 499 1855 ut
512 1793 589 1855 forte
600 1793 738 1875 juvencis

84 1875 185 1939 Fusus
199 1878 322 1939 humum
336 1879 504 1960 viridesque
520 1899 610 1960 super
624 1878 828 1940 madefecerat
841 1877 959 1940 herbas.

84 1961 147 2024 Hic
157 1963 277 2044 juvenis
286 1964 351 2046 jam
365 1964 460 2026 victor
474 1984 565 2025 ovans
581 1963 707 2044 vestigia
721 1983 823 2045 presso

84 2046 180 2109 Haud
194 2049 291 2110 tenuit
306 2048 433 2110 titubata
448 2050 528 2125 solo;
551 2048 605 2110 sod
619 2068 729 2130 pronus
743 2048 853 2130 inipso

87 2130 226 2195 Concidit
240 2134 449 2215 immundoque
464 2134 533 2196 fimo
548 2154 692 2215 sacroque
708 2153 824 2195 cruore.

84 2216 119 2279 N
120 2238 157 2278 on
171 2224 272 2281 tamen
287 2219 423 2302 Euryali,
438 2219 560 2280 non'ille
576 2219 683 2281 oblitus
699 2238 849 2281 amorum:

85 2301 168 2364 Nam
182 2324 247 2366 sese
262 2305 399 2386 op'posuit
415 2302 494 2366 Salio
510 2325 564 2386 per
577 2304 692 2365 lubrica
707 2323 853 2386 surgens;

85 2386 142 2448 Ille
158 2395 257 2451 autem
272 2389 365 2471 spissa
376 2390 474 2473 jacuit
489 2391 641 2451 revolutus
657 2409 758 2450 arena.

85 2471 204 2536 Emicat
219 2474 381 2558 Euryalus,
396 2481 428 2536 et
442 2495 564 2536 munere
581 2475 676 2535 victor
690 2473 778 2536 amici

85 2557 187 2621 Prima
201 2566 295 2638 tenet,
311 2561 476 2642 plausuque
492 2560 572 2621 volat
585 2559 765 2641 fremituque
781 2557 922 2621 secundo.

85 2642 159 2705 Post
173 2644 322 2728 Helymus
336 2645 425 2723 subit,
441 2651 472 2706 et
488 2665 567 2707 nunc
584 2644 672 2706 tertia
684 2645 782 2726 palma
796 2644 914 2707 Diores.

85 2726 146 2790 Hic
162 2736 257 2791 totum
272 2751 381 2793 caveae
398 2751 568 2792 consessum
581 2729 722 2811 ingentis,
739 2735 771 2791 et
785 2749 837 2791 ora

85 2811 187 2876 Prima
201 2821 331 2898 patrum,
345 2816 461 2897 magnis
479 2813 576 2877 Salius
593 2815 768 2876 clamoribus
784 2814 899 2896 implet,

88 2897 290 2982 Ereptumque
307 2901 372 2962 dolo
387 2900 474 2962 reddi
488 2901 544 2962 sibi
558 2900 653 2982 poscit
670 2900 821 2961 honorem.

85 2982 214 3046 Tutatur
229 2986 313 3049 favor
328 2986 505 3069 Euryalum,
521 2987 731 3067 lacrymaeque
747 2985 886 3062 decorae,

87 3067 208 3132 Gratior
223 3077 253 3132 et
268 3071 391 3154 pulchro
406 3071 528 3133 veniens
543 3071 575 3133 in
590 3090 712 3151 corpore
728 3070 833 3130 virtus.

84 3151 222 3253 Ady'uvat
237 3161 268 3218 et
282 3177 391 3238 magna
405 3157 569 3238 proclamat
583 3175 656 3217 voce
672 3154 791 3233 Diores,

86 3236 145 3311 Qur
159 3241 249 3302 subiit
263 3243 390 3324 palmae,
405 3241 577 3322 fmstraque
592 3239 631 3302 ad
646 3239 779 3322 praemia
793 3237 877 3302 venit

85 3323 210 3402 Ultima,
227 3327 252 3388 si
266 3327 353 3410 primi
371 3324 452 3388 Salio
466 3326 632 3388 reddantur
645 3326 781 3388 honores.

84 3409 162 3472 Tum
176 3417 263 3492 pater
278 3411 412 3489 Aeneas,
427 3410 551 3489 Vestra,
565 3411 673 3493 inquit,
687 3431 813 3472 munera
826 3409 910 3472 vobis

86 3492 178 3558 Certa
193 3503 325 3575 manent,
340 3497 444 3579 pueri3
468 3503 499 3558 et
513 3496 642 3578 palmam
655 3502 755 3557 movet
770 3495 872 3557 ordine
889 3512 994 3556 nemo:

84 3579 137 3642 Me
152 3582 243 3643 liceat
257 3603 343 3644 casus
358 3582 492 3643 miserari
506 3581 629 3643 insontis
645 3581 741 3642 amici.

86 3663 136 3728 Sic
151 3667 242 3745 fatus,
257 3674 376 3748 tergum
392 3665 513 3729 Gaetuli
527 3667 655 3727 immane
670 3665 763 3727 leonis

83 3750 147 3814 Dat
164 3751 255 3833 Salio,
270 3753 347 3816 villis
362 3773 518 3816 onerosum
533 3758 623 3834 atque
639 3750 789 3833 unguibus
804 3748 912 3811 aureis.
