2496 4334
456 267 617 316 mammos
639 266 705 316 LIB'.
721 270 796 327 vm.

85 424 130 488 At
143 425 215 489 fessi
230 422 352 488 tandem
367 422 448 494 cives
462 423 586 486 infanda
599 423 749 486 furentem

83 510 205 573 Armati
220 509 441 574 circumsistunt
455 509 612 590 ipsumque
628 508 819 591 domumque,

87 595 277 658 Obtruncant
291 595 396 672 socios,
411 594 511 675 ignem
526 594 565 656 ad
579 594 699 675 fastigia
710 594 838 677 jactant.

85 680 153 759 llle,
169 682 249 743 inter
263 680 387 742 caedem
402 679 583 740 Rutulorum
599 680 728 761 elapsus,
742 680 775 741 in
789 698 878 761 agros

87 765 267 848 Confugere,
283 771 314 827 et
328 764 421 825 Turni
436 763 592 825 defendier
605 764 728 846 hospitis
744 765 844 827 armis.

85 850 167 932 Ergo
182 851 275 914 omnis
290 849 376 911 furiis
391 849 521 911 surrexit
535 849 659 910 Etruria
668 850 759 932 justis
771 869 779 925 ;

85 936 203 1018 Regem
217 935 256 998 ad
272 934 450 1016 supplicium
463 934 614 1016 praesenti
629 933 729 996 Marte
745 938 916 1016 reposcunt.

84 1021 143 1083 His
159 1042 215 1103 ego
231 1026 272 1098 te,
289 1019 406 1096 Aenea,
422 1019 576 1081 ductorem
590 1019 718 1081 millibus
733 1019 852 1081 addam.

85 1107 160 1168 Toto
174 1125 303 1188 namque
318 1105 450 1166 fremunt
465 1104 632 1166 condensae
646 1104 732 1167 litore
748 1123 875 1187 puppes,

88 1189 239 1273 Signaque
254 1191 335 1252 ferre
345 1189 476 1272 jubeut3
499 1190 609 1251 retinet
622 1190 785 1270 longaevus
799 1190 961 1273 haruspex,

85 1275 163 1338 Fata
178 1296 307 1339 canens:
334 1273 360 1337 Ο
376 1274 533 1337 Maeoniae
549 1274 666 1337 delecta
675 1276 831 1358 juventus,

84 1361 155 1425 Flos
169 1368 305 1424 veterum
319 1360 473 1442 virtusque
488 1359 595 1438 virum,
611 1381 684 1442 quos
694 1361 794 1444 justus
808 1360 839 1421 in
853 1358 968 1422 hostem

85 1447 161 1509 Fert
176 1448 258 1509 dolor
273 1452 304 1509 et
318 1446 425 1508 merita
440 1445 579 1508 accendit
593 1445 761 1508 Mezentius
776 1446 832 1524 ira,

85 1531 172 1594 Nulli
185 1532 231 1594 fas
246 1531 324 1594 Italo
339 1536 454 1593 tantam
468 1531 649 1613 subjungere
664 1537 784 1612 gentem
797 1551 806 1606 ;

86 1616 235 1679 Externos
251 1622 352 1699 optate
368 1615 470 1678 duces.
516 1616 594 1678 Tum
608 1617 739 1679 Etrusca
753 1617 865 1680 resedit

86 1702 155 1764 Hoc
170 1702 249 1765 acies
264 1722 379 1784 campo,
394 1701 511 1763 monitis
532 1702 676 1764 exterrita
690 1701 800 1765 divum.

85 1787 157 1870 Ipse
172 1793 303 1850 oratores
318 1787 357 1849 ad
372 1807 419 1848 me
434 1786 579 1868 regnique
595 1807 734 1850 coronam

88 1872 164 1934 Cum
179 1877 297 1955 sceptro
311 1871 401 1949 misit,
416 1871 596 1953 mandatque
611 1871 739 1954 iusignia
752 1872 900 1951 Tarchon,

89 1955 256 2020 Succedam
270 1957 386 2034 castris,
402 1956 618 2039 Tyrrhenaque
633 1978 728 2039 regna
742 1979 905 2040 capessam·

88 2041 150 2104 Sed
164 2041 338 2116 mihitarda
352 2042 423 2123 gelu
436 2042 601 2124 saeclisque
618 2043 706 2105 effeta
720 2050 860 2106 senectus

85 2126 206 2189 Invidet
220 2127 387 2210 imperium,
401 2147 546 2209 seraeque
561 2127 601 2189 ad
615 2127 703 2189 fortia
717 2128 806 2191 vires.

86 2211 220 2276 Gnatum
236 2212 420 2289 exhortarer,
435 2212 466 2273 ni
480 2213 590 2274 mixtus
604 2219 700 2275 matre
718 2210 839 2276 Sabella

85 2297 167 2359 Hinc
183 2303 298 2379 partem
314 2297 428 2379 patriae
443 2297 586 2360 traheret.
632 2297 689 2363 Tu.
706 2299 790 2382 cujus
806 2303 837 2361 et
851 2296 936 2361 annis

86 2383 128 2444 Et
143 2382 246 2464 generi
261 2382 324 2443 fata
340 2381 506 2462 indulgent,
524 2403 612 2463 quem
627 2384 749 2445 numina
764 2388 900 2465 poscunt,

85 2467 264 2549 Ingredere,
279 2488 296 2528 o
311 2467 461 2530 Teucrum
476 2474 566 2549 atque
582 2467 694 2529 Italum
708 2468 865 2531 fortissime
881 2466 997 2529 ductor.

84 2553 177 2614 Hunc
193 2552 247 2614 tibi
258 2559 426 2634 praeterea,
441 2573 509 2634 spes
524 2559 556 2613 et
570 2553 674 2614 solatia
688 2554 792 2632 nostri,

84 2638 225 2700 Pallanta
239 2637 418 2720 adjungam:
443 2637 499 2699 sub
514 2643 545 2699 te
560 2639 688 2700 tolerare
702 2639 844 2720 magistro

86 2722 227 2813 Militiam
242 2728 273 2784 et
288 2742 379 2803 grave
395 2721 504 2784 Martis
519 2743 603 2804 opus,
619 2728 672 2784 tua
687 2744 810 2786 cernere
825 2724 907 2784 sacta

84 2807 261 2884 Assuescat,
276 2807 378 2889 primis
394 2813 425 2868 et
439 2812 470 2868 te
484 2807 610 2869 miretur
624 2808 661 2869 ab
678 2809 772 2870 annis.

84 2892 223 2954 Arcadas
239 2891 308 2954 huic
324 2892 441 2973 equites
451 2891 496 2953 bis
512 2898 643 2968 centum,
658 2893 764 2955 robora
778 2891 864 2974 pubis

84 2976 191 3055 Lecta,
207 2976 294 3053 dabo,
309 2976 491 3058 totidemque
507 2997 560 3037 suo
575 2977 628 3038 tibi
643 2977 759 3038 nomine
775 2977 886 3038 Pallas.

127 3062 189 3125 Vix
205 3082 241 3123 ea
257 3062 336 3123 fatus
352 3068 437 3123 erat:
461 3061 609 3143 defixique
624 3082 676 3123 ora
691 3061 834 3124 tenebant

83 3145 207 3208 Aeneas
221 3146 420 3208 Anchisiades
436 3153 467 3208 et
481 3146 558 3209 fidus
577 3147 712 3208 Achates
725 3167 734 3222 ;

83 3230 241 3312 Multaque
258 3230 334 3292 dura
348 3251 401 3293 suo
416 3231 495 3292 tristi
510 3252 578 3292 cum
593 3231 682 3294 corde
697 3230 853 3314 putabant,

83 3316 127 3377 Ni
142 3316 259 3396 signum
275 3316 356 3377 eoelo
373 3315 525 3398 Cytherea
539 3315 671 3378 dedisset
686 3323 798 3399 aperto.

83 3399 224 3481 Namque
239 3399 396 3481 improviso
412 3401 544 3462 vibratus
559 3401 596 3462 ab
612 3402 732 3464 aethere
743 3401 847 3483 'fulgor

83 3485 161 3554 Cum
177 3485 275 3546 sonitu
289 3485 381 3563 venit,
394 3492 425 3546 et
442 3506 529 3547 ruore
545 3486 643 3547 omnia
658 3487 721 3548 visa
736 3493 871 3568 repente,
1071 3502 1119 3548 525

82 3569 315 3652 Tyrrhenusque
332 3570 420 3631 tubae
436 3570 551 3650 mugire
567 3591 622 3651 per
637 3572 760 3632 aethera
775 3573 907 3651 clangor.

83 3653 280 3736 Suspioiunt3
303 3655 412 3716 iterum
427 3662 517 3735 atque
533 3655 642 3715 iterum
656 3655 759 3735 fragor
775 3655 911 3737 increpat
924 3651 1041 3733 ingens.

80 3738 178 3802 Arma
192 3739 271 3801 inter
285 3739 395 3800 nubem
407 3741 481 3803 coeli
496 3741 527 3801 in
542 3741 662 3820 regione
679 3761 785 3802 serena
