2496 4334
438 271 599 318 Annnmos
621 273 687 318 ΗΒ.
711 271 786 319 vm.

85 423 298 510 Inclusumque
314 448 388 491 cavo
403 446 474 489 saxo
490 433 580 509 atque
595 425 714 488 insueta
728 424 897 506 rudentem,

85 511 226 595 Desuper
239 513 364 576 Alcides
379 513 446 574 telis
461 512 579 594 premit,
595 512 752 594 omniaque
775 532 858 574 arma

85 596 237 676 Advocat,
253 606 284 660 et
298 599 388 661 ramis
403 598 554 680 vastisque
569 597 729 659 molaribus
744 597 847 660 instat.

85 682 142 744 Ille
158 690 270 762 autem,
285 705 383 766 neque
397 684 476 745 enim
490 684 564 764 fuga
573 683 637 766 jam
653 703 743 764 super
757 683 819 745 ulla
833 680 938 767 pericli

85 766 236 831 Faucibus
250 770 403 851 ingentem
416 769 584 830 fumum-
594 768 727 830 mirabile
744 767 827 831 dictu
838 801 882 814 —-

86 853 216 932 Evomit,
231 855 413 936 involvitque
430 854 549 916 domum
566 853 693 935 caligine
710 874 811 933 caeca,

86 936 284 1022 Prospectum
299 940 428 1022 eripiens
443 939 546 1017 oeulis,
562 940 767 1020 glomeratque
782 939 838 1002 sub
854 944 940 1003 antro

85 1022 270 1088 Fumiferam
284 1034 403 1088 noctem
419 1025 583 1087 commixtis
598 1024 668 1106 igne
683 1024 824 1087 tenebris.

85 1108 157 1172 Non
171 1110 240 1172 tulit
253 1109 379 1173 Alcides
394 1110 509 1189 animis,
523 1130 616 1191 seque
631 1109 694 1191 ipse
709 1130 765 1192 per
779 1109 880 1192 ignem

86 1194 249 1278 Praecipiti
258 1196 334 1279 jecit
348 1196 438 1272 saltu,
454 1216 514 1277 qua
533 1194 677 1278 plurimus
691 1193 804 1256 undam

85 1279 198 1342 Fumus
213 1282 276 1362 agit
290 1281 458 1363 nebulaque
473 1281 579 1362 ingens
595 1300 701 1362 specus
717 1286 835 1343 aestuat
850 1286 926 1344 atra.

85 1366 146 1429 Hic
164 1363 277 1428 Cacum
291 1367 322 1428 in
337 1366 468 1429 tenebris
482 1365 621 1428 incendia
637 1386 715 1428 vana
729 1373 898 1429 vomentem
926 1380 932 1393 '

87 1451 227 1534 Corripit,
243 1452 274 1513 in
288 1452 399 1513 nodum
415 1453 596 1533 complexus,
612 1456 643 1512 et
659 1451 742 1532 angit
756 1451 916 1516 inhaerens

86 1536 183 1599 Elisos
199 1538 298 1599 oculos
314 1544 345 1599 et
360 1537 472 1600 siccum
487 1537 632 1618 sanguine
648 1544 763 1619 guttur.

85 1621 235 1686 Panditur
250 1624 398 1704 extemplo
412 1622 525 1684 foribus
540 1623 644 1684 domus
660 1628 727 1684 atra
741 1621 878 1702 revulsis,

84 1708 326 1790 Abstractaeque
342 1708 432 1770 boves
451 1708 666 1790 abjurataeque
682 1708 803 1790 rapinae

86 1792 178 1856 Coelo
193 1794 402 1871 ostenduntur,
417 1793 603 1876 pedibusque
617 1793 743 1856 informe
759 1793 890 1856 cadaver

86 1879 286 1941 Protrahitur.
331 1879 498 1961 Nequeunt
513 1879 626 1960 expleri
641 1878 732 1941 corda
747 1878 858 1943 tuendo

86 1963 247 2026 Terribiles
263 1966 374 2042 oculoS,
389 1965 504 2026 vultum
520 1965 683 2047 villosaque
698 1964 770 2027 setis

86 2049 216 2112 Pectora
230 2049 370 2128 semiferi,
386 2056 476 2132 atque
487 2051 654 2112 'exstinctos
668 2049 804 2112 faucibus
818 2048 914 2132 ignes.

85 2135 134 2197 Ex
145 2136 195 2197 illo
210 2135 377 2198 celebratus
391 2135 494 2213 honos,
509 2134 640 2217 laetique
656 2135 783 2197 minores

88 2219 255 2283 Servavere
267 2220 364 2296 diem;
388 2221 559 2302 primusque
576 2220 704 2283 Potitius
719 2227 835 2300 auctor,

85 2306 128 2368 Et
143 2306 246 2369 domus
261 2305 407 2368 Herculei
422 2312 521 2368 custos
537 2306 660 2369 Pinaria
678 2306 755 2368 sacri

85 2391 175 2454 Hanc
191 2413 273 2453 aram
287 2392 355 2453 luco
370 2391 485 2469 statuit,
502 2411 578 2472 quae
595 2391 729 2453 Maxima
750 2412 868 2474 semper

85 2476 213 2539 Dicetur
227 2479 321 2555 nobis,
337 2483 368 2539 et
383 2477 440 2539 erit
455 2497 533 2558 quae
548 2477 677 2539 maxima
694 2497 822 2560 semper.

86 2561 186 2634 Quare
203 2564 294 2645 agite,
310 2584 327 2624 ο
344 2563 483 2646 juvenes,
499 2569 651 2624 tantarum
665 2562 696 2624 in
710 2583 834 2625 munere
849 2560 972 2625 laudum

86 2647 204 2729 Cingite
220 2649 326 2710 fronde
339 2668 438 2712 comas
453 2654 484 2709 et
498 2649 605 2729 pocula
620 2648 736 2730 porgite
759 2647 883 2726 dextris,
905 2690 908 2695 -

86 2732 338 2815 Communemque
354 2739 459 2795 vocate
475 2732 576 2810 doum,
591 2739 623 2794 et
638 2733 707 2795 date
724 2733 794 2796 vina
808 2733 953 2795 volentes.

85 2818 224 2896 Dixerat,
239 2819 394 2881 Herculea
408 2819 519 2880 bicolor
534 2839 626 2900 quum
641 2820 767 2901 populus
782 2818 888 2881 umbra

85 2903 267 2986 Velavitque
283 2925 382 2966 comas
396 2905 532 2986 foliisque
548 2905 657 2965 innexa
671 2905 826 2987 pependit,

86 2989 127 3050 Ilt
142 3010 228 3051 sacer
242 2990 376 3071 implevit
390 2989 527 3051 dextram
542 2990 683 3072 scyphus.
731 2988 823 3052 Ocius
846 3008 947 3051 omnes

84 3075 122 3136 In
138 3095 270 3136 mensam
284 3075 356 3136 laeti
371 3075 475 3152 libant,
492 3075 633 3155 divosque
651 3082 823 3156 precantur.

127 3160 251 3222 Devexo
266 3160 382 3222 interea
396 3160 515 3242 propior
529 3160 564 3220 fit
579 3159 700 3242 Vesper
716 3159 856 3244 Olympo,

84 3244 214 3327 Jamque
230 3245 401 3307 sacerdotes
417 3246 589 3328 primusque
606 3245 734 3308 Potitius
749 3247 843 3323 ibant,

85 3331 217 3393 Pellibus
232 3331 264 3391 in
278 3352 390 3392 morem
405 3331 506 3407 cincti,
522 3332 714 3412 dammasque
729 3332 877 3395 ferebant.

84 3417 259 3478 Instaurant
274 3417 388 3498 epulas,
405 3424 436 3478 et
450 3436 570 3478 mensae
587 3423 674 3496 grata
696 3418 845 3481 secundae

84 3500 173 3563 Dona
187 3502 300 3577 ferunt,
316 3503 529 3583 cumulantque
546 3501 675 3563 oneratis
690 3503 824 3566 lancibus
840 3521 918 3565 aras.

84 3585 162 3650 Tum
179 3585 252 3648 Salii
267 3586 306 3648 ad
322 3593 428 3648 cantus
443 3587 565 3649 incensa
580 3587 687 3648 altaria
702 3589 815 3650 circum

84 3671 225 3754 Populeis
241 3672 350 3733 adsunt
366 3673 476 3734 evincti
491 3679 626 3753 tempora
640 3673 730 3734 ramis
744 3693 751 3747 ;

83 3757 144 3819 Hic
156 3757 301 3840 juvenum
318 3758 500 3903 chorusqille
517 3779 641 3820 senum:
667 3759 718 3839 qui
734 3757 864 3820 carmine
879 3756 984 3819 laudes

451 3844 470 3903 0
