2496 4334
98 277 140 340 84
435 295 464 338 P.
488 292 631 339 vraenn
652 291 797 338 unaoius

140 446 225 508 Talia
234 445 365 529 jactanti
380 445 508 508 stridens
524 445 661 527 aquilone
676 447 809 529 procella

97 532 209 594 Velnm
225 531 351 594 adversa
366 531 446 610 ferit,
461 532 629 613 fluctusque
645 531 684 593 ad
698 531 798 594 sidera
812 532 900 594 tellit.

97 616 292 698 Franguntur
306 616 397 691 remi3
420 622 485 678 turn
499 636 588 698 prora
603 616 723 694 avertit,
739 624 771 679 et
784 617 872 679 undis

97 701 161 764 Dat
174 702 273 776 latus;
295 701 462 783 insequitur
479 701 596 763 cumulo
611 708 791 784 praeruptus
806 722 902 784 aquae
917 721 1012 763 mens.
1091 723 1137 770 105

98 786 142 848 Hi
156 807 269 848 summe
284 786 316 848 in
329 786 424 848 fluctu
437 786 590 869 pendent3
614 786 660 848 his
675 786 757 848 unda
771 786 928 849 dehiscens

98 871 224 933 Terram
237 872 438 934 intertinctus
453 871 568 953 aperit;
591 871 664 933 furit
679 878 780 935 aestus
795 872 905 934 arenis.

98 956 172 1018 Tres
187 956 286 1018 Notus
301 956 440 1038 abreptas
454 956 485 1017 in
500 977 572 1018 saxa
585 956 711 1018 latentia
725 962 861 1038 torquet:

99 1039 180 1103 Saxa
194 1046 303 1103 vocant
317 1041 400 1119 Itali,
415 1040 520 1103 mediis
536 1062 613 1123 quae
628 1040 660 1103 in
674 1041 823 1117 fluctibus,
840 1040 941 1104 Aras:

98 1125 227 1188 Dorsum
241 1126 368 1189 immane
383 1127 459 1205 mari
473 1147 597 1188 summe.
641 1127 717 1188 Tres
732 1126 832 1188 Eurus
847 1127 884 1189 ab
901 1128 962 1189 alto

97 1211 136 1273 In
150 1212 253 1273 brevia
267 1217 299 1274 et
313 1218 411 1294 syrtes
425 1218 570 1293 urget—
580 1210 748 1274 miserabile
763 1211 832 1273 visu
843 1247 887 1258 —

97 1296 254 1378 Illiditque
266 1297 350 1359 vadis
366 1303 456 1379 atque
472 1317 584 1378 aggere
600 1297 694 1378 cingit
707 1316 827 1359 arenae.

97 1380 211 1460 Unam,
227 1403 303 1464 quae
319 1381 427 1465 Lycios
441 1381 594 1464 fidumque
609 1381 738 1444 vehebat
755 1380 912 1461 Orontem,

97 1466 197 1548 Ipsius
212 1474 281 1528 ante
297 1467 397 1529 ocules
411 1467 518 1548 ingens
533 1487 552 1528 a
565 1465 679 1529 vertice
694 1473 803 1549 ponhrs

97 1550 136 1612 In
150 1552 273 1634 puppim
287 1551 358 1613 ferit
370 1571 378 1627 ;
402 1552 748 1634 mentitum-pronusque
763 1551 907 1633 magister

97 1636 238 1698 Volvitur
252 1637 283 1698 in
298 1643 408 1719 caput;
431 1643 478 1699 ast
492 1637 573 1699 iham
588 1643 635 1698 ter
647 1637 756 1699 fluctus
770 1636 883 1699 ibidem

98 1719 230 1803 Torquet
244 1742 337 1803 agens
352 1722 475 1799 circum,
490 1727 522 1784 et
536 1722 658 1804 rapidus
675 1726 760 1784 vorat
775 1741 905 1804 aequore
920 1726 1035 1784 vertex.

97 1805 257 1888 Apparent
271 1807 331 1869 rari
346 1813 452 1869 nantes
468 1807 499 1868 in
515 1807 635 1889 gurgite
650 1812 755 1881 vast03

97 1889 195 1953 Arma
209 1892 316 1970 virum,
331 1892 521 1974 tabulaeque,
538 1898 569 1953 et
583 1891 673 1954 Troia
687 1912 761 1973 gaza
775 1912 830 1974 per
843 1891 951 1955 undas.

98 1975 121 2036 J
122 1996 169 2037 am
184 1975 312 2038 validam
326 1977 433 2039 Ilionei
446 1997 565 2054 navem,
574 1977 639 2060 jam
653 1976 737 2038 fortis
753 1975 904 2055 Achatae,

100 2059 141 2122 Et
156 2082 216 2142 qua
230 2068 334 2124 vectus
349 2060 446 2140 Abas,
462 2068 493 2124 et
508 2083 569 2144 qua
584 2061 774 2143 grandaevus
788 2060 908 2142 Aletes,

99 2145 183 2208 Vicit
197 2146 310 2223 hiems;
332 2147 407 2209 laxis
421 2148 550 2210 laterum
565 2147 756 2229 compagibus
772 2167 873 2209 omnes

98 2229 262 2313 Accipiunt
249 2231 427 2294 tinimicum
431 2232 576 2330 imbrem,
591 2232 732 2314 rimisque
747 2231 901 2294 fatiscunt

141 2315 193 2377 Int
180 2322 264 2379 terea
277 2337 385 2398 magno
399 2317 518 2380 misceri
531 2338 683 2378 murmure
699 2322 833 2399 pentum,

99 2400 334 2484 Emmissamque
349 2402 478 2464 hiemem
492 2402 584 2464 sensit
599 2401 772 2484 Neptunus,
789 2401 842 2464 et
834 2400 901 2464 rmis

100 2483 215 2567 Stagna
228 2487 330 2550 refusa
345 2488 439 2566 vadis,
456 2487 589 2569 graviter
604 2493 731 2549 cemmot
731 2506 783 2561 us3
807 2493 839 2549 et
853 2489 913 2548 alto

98 2570 298 2654 Prospiciens,
314 2593 428 2636 summa
442 2572 592 2655 placidum
607 2578 698 2665 caput
712 2576 763 2634 ext
750 2572 819 2633 tulit
832 2570 924 2633 unda.

98 2656 214 2740 Disject
215 2679 263 2720 am
277 2658 430 2720 Aeneaet
417 2664 479 2720 toto
494 2658 577 2720 videt
564 2664 721 2740 taequore
733 2657 874 2755 classem,
924 2724 927 2730 ,

98 2740 253 2805 Fluctibus
268 2764 423 2825 oppresses
438 2742 531 2805 Troas
546 2741 697 2889 coelique
695 2742 792 2804 ruina.

99 2825 166 2888 Nec
181 2828 223 2889 lat
211 2834 296 2890 tuere
312 2829 371 2891 deli
385 2829 446 2890 frat
433 2835 509 2891 trem
523 2828 546 2889 J
547 2849 651 2890 unenrs
667 2834 697 2890 et
711 2827 785 2889 irae

99 2911 214 2974 Eurum
232 2914 270 2975 ad
286 2934 317 2975 sc
332 2913 562 3060 Zephyrumque
578 2919 684 2987 vocat3
652 2910 814 2974 tdehine
829 2909 902 2973 talia
917 2909 1016 2974 satire.

99 2996 233 3060 Tantane
249 3018 301 3060 vos
316 2999 434 3080 generis
451 2998 548 3060 tenuit
535 2997 673 3060 tfiducia
687 3003 754 3058 vest
741 2995 801 3058 tri?

97 3081 120 3142 J
121 3103 169 3144 am
185 3083 327 3145 eoelumt
314 3090 484 3167 terramque
500 3104 566 3145 meo
582 3083 645 3144 sine
661 3082 793 3159 numine,
808 3080 902 3160 venti,

98 3165 240 3245 Miscere,
255 3173 354 3230 ettan
355 3175 401 3230 tas
355 3168 534 3230 taudetis
549 3168 654 3230 tollere
669 3164 784 3228 meles?

99 3247 180 3322 Quos
195 3272 252 3332 ege
270 3297 381 3312 .....
406 3250 543 3313 Scdt
482 3273 530 3313 mo
531 3258 576 3313 tes
591 3257 726 3333 praestat
741 3270 917 3333 componere
931 3249 1051 3311 fluctus.
1091 3265 1138 3313 135

98 3335 172 3397 Post
185 3336 256 3396 mihi
270 3357 330 3397 nen
344 3336 431 3397 simili
446 3357 543 3418 poena
558 3336 713 3398 commissa
727 3335 826 3398 luetis.

97 3420 250 3483 Maturate
265 3420 379 3502 fugam,
395 3421 519 3502 regique
534 3420 609 3483 haec
625 3421 715 3482 dieite
730 3426 848 3482 vestre:

7 3556 10 3562 .
97 3507 129 3568 N
131 3528 168 3568 en
182 3506 224 3569 illi
237 3506 393 3588 imperium
409 3505 508 3588 pelagi
523 3525 705 3587 saevumque
721 3505 894 3581 tridentem,

99 3589 161 3653 Sed
174 3592 246 3653 mihi
260 3597 340 3653 sorte
355 3590 469 3652 datum.
516 3590 612 3653 Tenet
626 3590 675 3651 illc
690 3589 831 3651 immania
845 3608 929 3667 saxa,

97 3675 235 3753 Vestras,
251 3675 345 3754 Eure,
361 3676 479 3752 domes3
501 3676 552 3737 illa
568 3695 600 3736 se
611 3675 710 3756 jactet
723 3674 755 3735 in
770 3675 840 3736 aula
1094 3686 1141 3735 140

97 3758 222 3838 Aeolus,
238 3764 270 3821 et
284 3762 386 3824 clauso
400 3767 556 3824 ventorum
572 3779 693 3822 carcere
709 3764 827 3840 regnet.
