2496 4334
457 324 617 372 summos
639 325 705 372 ΠΒ.
728 325 776 373 ΙΧ.

98 475 141 538 Et
153 476 276 539 fluvium
311 481 394 538 etere
410 495 445 538 ac
460 482 587 558 partem,
603 497 680 558 quae
696 476 827 559 cingItur
841 479 933 543 unda.

96 559 209 623 Acrius
222 561 278 623 hoc
290 498 404 622 benni
418 561 545 622 clamore
560 561 731 623 incumbere
746 583 865 645 magno,

97 643 140 706 Et
155 646 321 726 glomerare
336 665 477 706 manum:
502 665 558 706 ceu
573 665 695 706 saevum
710 647 799 709 turba
813 649 930 711 leonem

98 728 198 801 Quum
212 730 280 791 telis
294 729 403 811 premit
416 729 539 790 infensis
552 749 560 805 ;
583 737 615 792 at
629 731 752 794 territus
765 731 827 810 ifle,

96 812 208 895 Asper,
224 814 334 876 acerba
347 819 446 891 tuens,
461 820 542 875 retro
556 814 645 891 redit,
662 821 693 875 et
707 837 805 898 neque
820 824 908 900 terga

96 897 150 959 Ira
165 898 236 959 dare
252 904 305 960 aut
320 898 414 959 virtus
429 898 551 979 patitur,
566 919 623 960 nec
637 898 762 962 tendere
778 908 892 980 contra,

97 981 154 1043 Ille
170 982 290 1064 quidem
304 982 360 1044 hoc
377 983 509 1063 cupiens,
525 983 601 1064 potis
617 990 664 1044 est
677 1004 732 1065 per
746 986 808 1048 tela
822 986 971 1069 virosque.

97 1065 191 1128 Haud
207 1067 293 1129 aliter
308 1073 388 1128 retro
404 1067 510 1128 dubius
525 1067 653 1149 vestigia
667 1067 786 1132 Turnus

98 1150 305 1233 Improperata
320 1152 424 1228 refert,
439 1158 470 1214 et
484 1172 568 1215 mens
581 1158 737 1215 exaestuat
751 1155 806 1216 ira.

99 1234 180 1307 Quin
194 1236 285 1298 etiam
298 1236 343 1297 bis
357 1243 420 1298 tum
434 1236 546 1298 medios
560 1237 712 1299 invaserat
725 1238 837 1318 hostes,

97 1319 152 1381 Bis
168 1320 289 1383 confirsa
302 1320 377 1402 fuga
391 1341 446 1402 per
459 1341 559 1384 mures
575 1322 695 1402 agmina
709 1324 809 1385 vertit.

100 1402 162 1466 Sed
176 1425 281 1466 manus
297 1426 313 1467 e
329 1405 433 1467 castris
449 1426 502 1487 pro
541 1427 574 1468 re
590 1407 649 1468 coit
664 1408 757 1470 omnis
771 1408 803 1470 in
817 1427 931 1485 unum;

99 1488 167 1551 Nec
183 1495 286 1551 contra
299 1490 378 1551 vires
392 1489 484 1551 audet
524 1490 642 1552 aturnia
655 1491 738 1553 June

101 1571 244 1635 Sufficere
257 1596 265 1635 :
289 1574 400 1636 aeriam
415 1575 497 1637 coelo
510 1595 580 1637 nam
593 1575 716 1657 Jupiter
729 1574 804 1637 Irim

99 1657 238 1736 Demisit‚
254 1678 413 1739 germanae
428 1658 509 1720 haud
523 1660 622 1721 mollia
631 1660 717 1742 jussa
730 1660 888 1740 ferentem,
957 1734 960 1742 ,

99 1741 143 1803 Ni
157 1742 275 1805 Turnus
290 1742 379 1805 cedat
394 1743 577 1805 Teucrorum
590 1744 744 1807 moenibus
761 1745 839 1807 aitis.

100 1826 183 1908 Ergo
197 1848 252 1890 nec
269 1828 374 1910 clypeo
383 1828 504 1911 juvenis
518 1828 679 1890 subsistere
694 1834 823 1908 tantum,

100 1911 168 1974 Nec
184 1911 289 1974 dextra
303 1913 403 1974 valet:
427 1912 545 1995 injectis
560 1913 602 1975 sic
617 1913 750 1996 undique
769 1914 837 1977 telis

102 1995 255 2058 Obruitur.
302 1994 416 2079 Strepit
430 1997 548 2060 assiduo
563 2017 638 2060 cava
651 2004 787 2080 tempora
802 1999 915 2062 circum

100 2080 222 2142 Tinnitu
236 2082 333 2163 galea,
349 2088 381 2143 et
395 2083 472 2144 saxis
487 2081 581 2144 solida
595 2103 667 2144 aera
681 2083 825 2145 fatiscunt
838 2102 846 2158 ;

99 2165 319 2248 Discussaeque
329 2167 422 2249 jubae
437 2167 527 2249 capiti
541 2185 549 2242 ;
572 2187 628 2228 nec
642 2168 751 2229 sufficit
765 2167 854 2229 umbe

99 2249 214 2312 Ictibus
228 2271 236 2326 ;
258 2251 443 2332 ingeminant
457 2252 549 2314 hastis
565 2259 596 2313 et
616 2251 708 2313 Troes
723 2252 832 2334 etipse

100 2335 273 2399 Fulmineus
288 2335 479 2398 Mnestheus.
524 2335 601 2398 Tum
616 2341 678 2397 toto
694 2357 817 2419 corpore
832 2337 923 2401 sudor

100 2419 238 2501 Liquitur
253 2427 284 2482 et
298 2421 415 2502 piceum
425 2457 470 2466 —
479 2441 536 2482 nec
551 2420 699 2501 respirare
717 2428 849 2503 potestas
859 2456 904 2467 -

99 2503 226 2566 Flumen
241 2505 304 2587 agit
317 2525 325 2580 ;
345 2506 438 2567 sessos
453 2504 551 2587 quatit
565 2525 656 2586 aeger
672 2506 819 2567 anhelitus
834 2511 928 2568 artus.

100 2588 177 2650 Tum
192 2589 310 2651 demum
324 2610 469 2672 praeceps
483 2590 562 2652 saltu
577 2610 641 2651 sese
658 2590 791 2652 omnibus
807 2589 897 2651 armis

99 2672 138 2734 In
152 2674 273 2735 fluvium
288 2674 381 2736 dedit.
427 2673 483 2736 Ille
499 2695 552 2736 suo
570 2694 638 2735 cum
653 2674 772 2755 gurgite
785 2675 863 2735 flavo

98 2757 229 2839 Accepit
243 2759 412 2820 venientem
427 2779 462 2821 ac
476 2758 612 2820 mollibus
627 2759 734 2819 extulit
747 2757 846 2837 undis,

99 2841 141 2904 Et
154 2843 266 2905 laetum
281 2843 367 2906 sociis
383 2843 485 2906 abluta
500 2842 593 2906 caede
607 2841 731 2904 remisit.
