2496 4334
98 272 160 336 208
286 278 290 286 '
439 286 469 333 P.
491 286 634 333 vraomn
654 285 800 333 uuaours

26 448 29 453 '
97 441 175 504 Fata
189 462 244 523 per
258 439 383 503 Aeneae
395 441 465 524 juro
481 439 676 522 dextramque
691 446 854 523 potentem,

100 524 170 588 Sive
185 525 256 604 fide,
272 546 326 588 seu
340 527 406 608 quis
420 526 497 588 bello
513 531 559 588 est
573 532 714 608 expertus
730 532 762 588 et
776 527 885 588 armis:
1088 544 1135 592 235

98 610 189 673 Multi
204 631 257 672 nos
272 612 384 693 populi,
398 612 564 673 multae-
574 632 612 672 ne
628 616 737 690 temne,
754 610 834 693 quod
848 612 927 674 ultro

99 696 301 758 Praeferimus
315 697 450 758 manibus
465 696 555 758 vittas
570 716 605 758 ae
620 697 713 758 verba
726 697 881 778 precantia
892 731 938 746 -

100 781 142 843 Et
157 781 271 863 petiere
287 781 342 844 sibi
357 787 388 844 et
403 781 524 843 voluere
540 781 836 864 adjungeregentes.

101 864 163 928 Sed
176 887 230 928 nos
245 866 307 927 fata
322 865 412 928 deum
426 871 541 928 vestras
556 866 712 948 exquirere
728 872 824 928 terras

99 952 236 1033 Imperiis
252 971 341 1033 egere
357 951 428 1014 suis.
473 951 555 1013 Hinc
570 950 731 1013 Dardanus
745 957 848 1016 ortus:

100 1036 171 1098 Huc
186 1037 296 1118 repetit
309 1057 317 1112 ;
335 1036 486 1120 jussisque
501 1036 670 1118 ingentibus
685 1042 775 1118 urget
787 1035 897 1119 Apollo

100 1121 288 1205 Tyrrhenum
303 1122 342 1183 ad
357 1121 511 1204 Thybrim,
526 1128 558 1183 et
571 1121 660 1183 fontis
675 1121 753 1184 vada
767 1142 853 1185 sacra
865 1120 998 1185 Numici.

99 1205 162 1268 Dat
176 1207 229 1268 tibi
244 1213 401 1291 praeterea
415 1206 566 1268 Fortunae
584 1227 678 1288 parva
691 1205 798 1289 prioris

99 1291 239 1371 Munera,
255 1292 395 1373 reliquias
410 1291 500 1374 Troja
515 1312 552 1353 ex
567 1291 691 1353 ardente
706 1297 853 1374 receptae.

99 1377 167 1440 Hoc
182 1384 269 1459 pater
283 1376 432 1439 Anchises
447 1397 520 1438 auro
535 1375 647 1438 libabat
661 1376 700 1437 ad
715 1397 805 1453 aras;

98 1462 167 1526 Hoc
182 1462 295 1525 Priami
310 1468 465 1544 gestamen
480 1467 556 1540 erat,
572 1483 664 1544 quum
673 1462 746 1545 jura
759 1462 872 1526 vocatis

99 1547 186 1610 More
202 1548 288 1610 daret
302 1547 429 1630 populis,
444 1552 667 1629 sceptrumque,
682 1567 827 1631 sacerque
842 1548 945 1627 tiaras,

99 1633 287 1715 Iliadumque
302 1633 385 1695 labor
399 1639 509 1696 restes,

99 1719 221 1781 Talibus
235 1718 341 1781 Ilionei
356 1718 443 1781 diets
459 1718 557 1781 defixa
571 1717 697 1781 Latinus

101 1801 217 1866 Obtutu
232 1809 315 1866 tenet
330 1825 393 1883 ora,
408 1805 529 1886 soloque
543 1802 698 1866 immobilis
711 1803 828 1882 haeret,

98 1889 234 1951 Intentos
249 1890 370 1952 volvens
384 1890 495 1952 ocrrlos.
542 1887 609 1951 Nec
624 1909 758 1971 purpura
777 1910 880 1970 regem

99 1974 187 2037 Picta
201 1980 311 2053 movet,
325 1995 381 2036 nee
397 1980 517 2056 sceptra
530 1980 650 2036 movent
664 1974 815 2036 Priameia
829 1979 957 2052 tantum,

100 2059 252 2132 Quantum
266 2061 297 2121 in
313 2059 457 2122 connubio
470 2065 559 2121 natae
574 2060 763 2142 thalamoque
777 2065 921 2137 moratur,

100 2145 141 2208 Et
156 2145 266 2208 veteris
281 2145 378 2206 Fauni
392 2144 484 2207 volvit
499 2144 553 2206 sub
568 2152 688 2227 pectore
704 2149 823 2206 sortem.

99 2231 191 2293 Hune
206 2231 289 2291 illum
304 2229 373 2290 fatis
388 2234 513 2291 externa
528 2230 565 2291 ab
580 2228 651 2292 sede
666 2230 834 2313 profectum

100 2316 245 2377 Portendi
260 2335 416 2396 generum,
430 2314 610 2397 paribusque
625 2315 656 2377 in
672 2335 767 2396 regna
781 2313 882 2377 vocari

99 2400 250 2483 Auspiciis
264 2421 272 2476 ;
294 2400 364 2462 huic
378 2400 551 2481 progeniem
566 2401 676 2462 virtute
691 2401 825 2462 futuram

100 2485 274 2568 Egregiam,
290 2491 321 2548 et
338 2491 433 2547 totum
448 2506 525 2566 quae
541 2484 652 2547 viribus
667 2490 794 2567 occupet
808 2483 920 2546 orbem.

100 2570 234 2634 Tandem
247 2572 344 2633 laetus
361 2571 422 2633 ait:
447 2570 488 2632 Di
503 2577 605 2632 nostra
618 2571 739 2653 incepta
754 2569 930 2646 secundent,

99 2656 329 2738 Auguriumque
345 2654 449 2719 suum!
494 2655 634 2734 Dabitur,
649 2655 787 2739 Trojano,
804 2653 883 2737 quod
898 2658 994 2736 optas,

99 2741 230 2803 Munera
243 2763 299 2804 nee
316 2762 434 2824 sperno.
481 2739 552 2821 Non
566 2741 659 2819 vobis,
674 2761 747 2822 rege
763 2739 881 2818 Latino,

99 2826 208 2888 Divitis
223 2827 297 2888 uber
312 2827 377 2908 agri
392 2826 536 2908 Trojaeve
553 2826 705 2908 opulentia
720 2825 825 2887 deerit.

99 2911 169 2993 Ipse
185 2912 271 2973 modo
287 2912 420 2989 Aeneas,
435 2911 529 2973 nostri
544 2912 569 2973 si
584 2918 667 2973 tanta
682 2910 789 2993 cupido
805 2914 861 2988 est,

101 2994 134 3059 Si
144 2997 232 3079 jungi
246 2997 372 3079 hospitio
387 3002 538 3080 properat,
554 2997 710 3078 sociusque
725 2995 838 3074 vocari,

98 3081 263 3160 Adveniat,
279 3083 378 3144 vultus
392 3102 469 3144 neve
485 3082 677 3143 exhorrescat
696 3080 816 3143 amieos.

99 3166 175 3228 Pars
189 3167 261 3228 mihi
276 3167 358 3250 pacis
374 3167 431 3229 erit
445 3166 582 3228 dextram
598 3167 732 3248 tetigisse
748 3163 879 3248 tyranni.

99 3250 163 3312 Vos
177 3257 280 3313 contra
294 3251 360 3332 regi
374 3272 441 3313 mea
455 3271 534 3313 nune
550 3251 691 3314 mandata
706 3251 836 3331 referte.

99 3334 155 3398 Est
170 3336 242 3397 mihi
255 3342 338 3414 nata,
352 3335 415 3398 viro
430 3336 527 3417 gentis
542 3358 632 3418 quarn
642 3337 772 3420 jungere
786 3340 906 3398 nostrae

100 3420 171 3483 Non
186 3421 282 3505 patrio
298 3441 336 3482 ex
351 3419 443 3504 adyto
458 3427 563 3499 sortes,
578 3443 638 3483 non
658 3421 785 3504 plurima
799 3421 881 3483 coelo

98 3506 236 3570 Monstra
250 3506 367 3568 sinunt:
392 3526 519 3588 generos
535 3507 665 3568 externis
682 3507 771 3568 affore
787 3506 824 3568 ab
840 3505 910 3583 oris,

98 3592 166 3654 Hoc
183 3591 269 3653 Latio
284 3598 398 3653 restare
415 3598 537 3669 canunt,
552 3592 604 3673 qui
619 3592 764 3673 sanguine
779 3596 913 3653 nostrum

98 3683 215 3739 Nomen
228 3677 259 3738 in
275 3682 356 3739 astra
371 3677 479 3739 ferant.
525 3676 616 3739 Hunc
631 3677 714 3738 illum
729 3696 851 3758 poscere
867 3675 930 3738 fata

98 3761 140 3824 Et
154 3782 222 3824 reor
237 3768 279 3842 et,
293 3762 319 3825 si
334 3762 406 3844 quid
421 3762 485 3826 veri
499 3781 584 3825 mens
602 3768 741 3844 augurat,
756 3766 836 3844 opto.
