2496 4334
461 277 623 324 acuamus
648 278 714 324 mu.
736 278 784 336 111.
1079 267 1142 335 247

104 429 277 494 Castrorum
292 435 324 493 et
339 430 435 513 campi
450 431 558 494 medio.
603 431 680 494 Tum
695 431 788 494 Nisus
802 436 835 494 et
848 451 909 495 una
1094 452 1142 505 230

102 515 254 600 Euryalus
270 516 424 578 confestim
436 518 551 578 alacres
567 516 719 578 admittier
733 523 840 579 orant:

102 600 180 663 Rem
194 622 345 683 magnam,
360 602 548 684 pretiumque
563 623 664 664 morae
679 602 753 664 fore.
799 601 919 666 Primus
934 601 1019 666 Iulus

101 685 232 768 Accepit
247 686 389 768 trepidos,
405 707 440 748 ac
456 686 566 749 Nisum
580 686 680 749 dicere
691 687 791 770 jussit.

101 770 179 832 Tum
193 772 235 833 sic
248 771 452 854 Hyrtacides:
476 772 591 833 Audite
607 793 624 833 o
639 773 787 834 mentibus
802 774 918 856 aequis,

102 855 279 934 Aeneadae,
293 876 369 919 neve
384 856 459 919 hacc
475 857 583 919 nostris
598 863 772 939 spectentur
786 858 823 919 ab
839 860 935 938 annis,

102 940 186 1013 Quae
201 941 334 1004 ferimus.
382 941 487 1004 Rutuli
502 963 603 1004 somno
616 942 742 1024 vinoque
757 944 846 1006 soluti

103 1026 281 1089 Conticuere
296 1046 304 1102 ;
326 1028 424 1090 locum
438 1027 551 1089 insidiis
566 1028 772 1109 conspeximus
786 1028 854 1110 ipsi,

102 1110 161 1183 Qui
176 1117 260 1195 patet
274 1111 305 1174 in
318 1112 396 1174 bivio
412 1119 526 1194 portae,
542 1133 619 1194 quae
634 1113 768 1194 proxima
782 1119 872 1195 ponto
885 1133 894 1190 3

100 1197 267 1278 Interrupti
281 1199 377 1279 ignes,
393 1204 517 1279 aterque
535 1197 573 1259 ad
588 1197 688 1259 sidera
706 1198 805 1260 fumus

101 1281 255 1363 Erigitur:
280 1283 306 1344 si
319 1283 440 1344 fortuna
453 1282 624 1364 permittitis
638 1282 693 1359 uti,

102 1365 277 1438 Quaesitum
291 1365 419 1429 Aenean
434 1375 465 1428 et
475 1366 591 1429 moenia
605 1367 763 1429 Pallantea
776 1387 784 1443 ;

100 1450 175 1513 Mox
187 1452 236 1514 hic
252 1473 320 1514 cum
335 1451 446 1534 spoliis,
460 1451 576 1533 ingenti
590 1451 683 1514 caede
695 1458 830 1534 peracta,

100 1535 203 1598 Affore
220 1537 357 1600 cernetis.
403 1536 434 1598 N
437 1558 471 1598 ec
486 1558 539 1600 nos
554 1537 603 1599 ria
616 1537 692 1598 fallit
707 1543 833 1599 euntes:

100 1621 240 1684 Vidimus
255 1622 386 1684 obscuris
401 1622 527 1704 primam
541 1622 596 1685 sub
612 1622 737 1684 vallibus
751 1622 857 1684 urbem

99 1705 224 1768 Venatu
239 1707 368 1786 assiduo,
383 1713 414 1768 et
428 1713 523 1769 totum
539 1707 729 1788 cognovimus
744 1727 871 1769 amnem.

100 1789 161 1854 Hie
177 1792 262 1854 annis
277 1792 376 1873 gravis
390 1798 481 1874 atque
497 1792 586 1854 animi
600 1798 735 1853 maturus
753 1791 881 1854 Aletes:

100 1876 142 1938 Di
156 1877 261 1958 patrii,
270 1898 395 1959 quorum
410 1898 527 1960 semper
541 1877 596 1939 sub
610 1877 731 1938 numine
747 1876 837 1960 TroJ'a
851 1883 909 1956 est,

99 1960 132 2022 N
134 1983 172 2023 on
185 1968 286 2024 tamen
301 1962 417 2024 omnino
432 1963 563 2024 Teucros
580 1960 681 2024 delere
698 1962 821 2044 paratis,

100 2045 200 2118 Quum
214 2048 289 2109 tales
304 2047 415 2109 animos
425 2047 571 2130 juvenum
586 2053 617 2109 ct
632 2053 694 2109 tam
709 2052 793 2108 certa
807 2045 917 2108 tulistis

100 2131 240 2193 Pectora.
289 2130 338 2194 Sic
354 2152 531 2211 memorans,
545 2133 684 2194 humeros
699 2132 881 2213 dextrasque
896 2130 1020 2194 tenebat

99 2217 277 2294 Amborum,
292 2223 324 2278 et
338 2218 454 2280 vultum
467 2218 607 2300 lacrymis
623 2223 713 2300 atque
729 2237 782 2278 ora
795 2217 933 2298 rigabat:

100 2300 186 2373 Quae
202 2302 295 2380 vobis,
312 2323 389 2383 quae
405 2301 507 2383 digna,
522 2303 589 2378 viri,
604 2324 658 2384 pro
673 2302 810 2364 laudibus
824 2301 888 2364 istis

100 2386 240 2448 Praemia
253 2407 338 2468 posse
354 2407 422 2448 rear
437 2387 511 2449 solvi
524 2386 536 2448 1
564 2387 771 2449 Pulcherrima
785 2386 913 2468 primum

99 2470 141 2532 Di
154 2492 312 2553 moresque
327 2470 442 2533 dabunt
456 2472 547 2534 vostri
560 2492 569 2547 ;
592 2478 656 2533 tum
672 2477 775 2533 cetera
788 2470 897 2532 reddet

99 2555 248 2617 Actutum
262 2557 328 2638 pius
343 2555 476 2634 AeneaS,
493 2562 583 2638 atque
598 2557 716 2637 integer
731 2556 797 2617 aevi

99 2639 261 2717 Ascanius,
276 2640 374 2702 meriti
389 2642 464 2702 tanti
479 2663 538 2702 nou
553 2642 705 2702 immemor
717 2658 868 2722 umquam.

100 2725 196 2787 Immo
212 2746 267 2806 ego
283 2746 346 2802 vos,
362 2726 411 2788 cui
426 2727 488 2788 sola
502 2728 582 2788 salus
598 2726 731 2807 genitore
747 2725 883 2803 reducto,

100 2810 221 2892 Excipit
235 2809 396 2887 Ascanius,
411 2832 466 2893 per
479 2832 613 2892 magnos,
629 2810 716 2887 Nise,
731 2809 862 2871 Penates

99 2894 302 2976 Assaracique
318 2895 427 2956 Larem
442 2902 473 2957 et
488 2917 581 2958 canae
596 2895 761 2977 penetralia
775 2893 889 2957 Vestae

101 2978 262 3041 Obtestor:
288 3000 493 3062 quaecumque
508 2981 579 3041 mihi
593 2981 714 3042 fortuna
727 2978 862 3060 fidesque
877 2984 935 3057 est,

99 3064 138 3125 In
153 3065 259 3126 vestris
273 3085 349 3147 pono
365 3066 505 3145 gremiis:
523 3070 662 3127 revocate
677 3069 843 3146 parentem,

100 3148 232 3210 Reddite
249 3157 459 3231 conspectum:
482 3151 555 3211 nihil
569 3150 618 3211 illo
634 3149 719 3211 triste
734 3154 866 3230 recepto.

98 3233 179 3294 Bina
194 3233 269 3295 dabo
285 3241 411 3315 argento
426 3235 561 3316 perfecta
578 3240 668 3317 atque
684 3252 791 3315 aspera
806 3232 899 3315 signis

99 3317 225 3396 Pocula,
241 3319 360 3380 devicta
375 3320 491 3399 genitor
506 3341 583 3402 quae
599 3319 680 3401 cepit
694 3318 817 3396 Arisba,

99 3401 143 3464 Et
158 3403 289 3485 tripodas
303 3404 447 3484 geminos,
463 3405 528 3466 auri
542 3405 601 3466 duo
616 3424 726 3484 magna
740 3404 865 3483 talenta,

100 3487 229 3549 Cratera
244 3489 410 3569 antiquum,
426 3509 515 3570 quem
530 3489 583 3550 dat
598 3487 721 3550 Sidonia
736 3487 826 3549 Dido.

102 3571 136 3634 Si
152 3593 223 3634 voro
239 3593 348 3654 capere
363 3572 494 3651 Italiam,
510 3574 696 3655 sceptrisque
711 3572 800 3654 potiri

101 3656 270 3737 Contigerit
285 3657 401 3735 victori,
417 3665 448 3720 et
462 3659 591 3740 praedae
608 3657 707 3719 dicere
723 3662 854 3718 sortem:

98 3742 223 3820 Vidisti,
239 3763 297 3823 quo
314 3742 433 3805 Turnus
448 3764 536 3825 cquo,
552 3743 659 3826 quibus
673 3741 737 3803 ibat
752 3741 783 3802 in
798 3740 887 3802 armis
