2496 4334
406 314 566 361 autumnos
588 314 655 361 mn.
678 314 740 361 xn.
1041 274 1103 363 325

60 467 191 548 Turrim,
207 469 371 553 compactis
385 469 519 532 trabibus
534 489 624 552 quam
638 467 783 532 eduxerat
796 467 872 551 ipse,

62 553 305 639 subdideratque
321 562 413 634 rotas,
428 561 593 638 pontesque
608 555 789 618 instraverat
804 558 889 619 altos.
1056 577 1104 627 675

60 640 84 702 J
86 661 133 701 am
143 640 207 723 jam
222 642 296 720 fata,
311 662 405 720 soror,
420 647 564 723 superant
577 661 585 715 ;
609 640 718 702 absiste
733 642 842 703 morari
856 663 864 718 3

62 723 129 797 Quo
145 725 219 788 deus
235 734 266 789 et
280 747 339 809 quo
354 726 431 788 dura
445 732 533 788 vocat
548 725 692 804 Fortuna,
708 746 879 808 sequamur.

64 808 133 872 Stat
148 811 283 873 conferre
298 832 419 873 manum
434 811 570 889 Aeneae,
586 816 656 888 stat,
672 811 818 893 quidquid
832 813 934 876 acerbi
949 819 1007 891 est,

61 894 162 957 Morte
178 897 251 978 pati,
267 917 366 979 neque
381 916 429 958 me
444 896 626 973 indecorem,
642 916 795 977 germana,
811 899 926 961 videbis

61 980 211 1062 Amplius.
256 981 360 1060 Hunc,
377 1002 439 1060 oro,
456 982 519 1044 sine
534 1002 583 1043 me
598 982 700 1042 furere
716 987 786 1043 ante
803 982 944 1046 furorem.

62 1065 159 1144 Dixit,
174 1073 236 1128 ete
253 1088 344 1129 curru
358 1068 468 1129 saltum
483 1066 567 1129 dedit
581 1066 663 1128 ocius
680 1066 769 1144 arvis,

62 1149 183 1233 Perque
198 1152 310 1231 hosteS,
325 1173 381 1235 per
395 1152 457 1214 tela
471 1152 542 1230 ruit,
558 1157 761 1232 maestamque
777 1172 908 1214 sororem

62 1235 196 1314 Deserit,
212 1257 246 1299 ac
262 1237 366 1320 rapido
381 1258 471 1300 cursu
486 1237 585 1299 media
599 1236 718 1317 agmina
732 1238 853 1319 rumpit.

61 1320 111 1383 Ac
127 1322 220 1383 veluti
234 1323 342 1385 montis
357 1343 462 1392 saxum
477 1321 514 1383 de
530 1321 644 1383 vertice
659 1342 804 1404 praeceps

63 1405 163 1478 Quum
178 1407 249 1485 ruit,
264 1408 401 1470 avulsum
415 1414 515 1484 vento,
530 1427 584 1468 seu
599 1406 736 1468 turbidus
750 1407 845 1469 imber

63 1491 191 1570 Proluit,
207 1499 260 1554 aut
274 1492 359 1554 annis
374 1492 461 1555 solvit
475 1492 615 1574 sublapsa
629 1498 782 1568 vetustas;

62 1576 174 1638 Fertur
187 1577 218 1639 in
234 1578 393 1660 abruptum
407 1598 516 1658 magno
530 1598 614 1639 mons
628 1577 779 1659 improbus
794 1583 876 1659 actu,

63 1661 263 1745 Exsultatque
278 1664 351 1742 solo,
366 1663 466 1740 silvas,
482 1669 618 1724 armenta
632 1662 771 1744 virosque

63 1746 223 1810 Involvens
238 1767 360 1810 secum:
386 1746 511 1830 disjecta
525 1768 580 1829 per
594 1747 713 1828 agmina
728 1748 847 1810 Turnus

65 1831 115 1895 Sic
130 1833 212 1895 urbis
226 1832 287 1894 ruit
302 1832 342 1895 ad
354 1853 466 1911 muros,
481 1832 532 1894 ubi
547 1833 673 1914 plurima
687 1833 754 1894 suso

65 1916 217 2000 Sanguine
233 1924 315 1980 terra
328 1917 431 1980 madet
445 1918 634 2000 striduntque
649 1918 810 1980 hastilibus
820 1937 911 1982 aurae
925 1937 934 1995 ;

65 2001 280 2086 Significatque
294 2024 385 2065 manu
400 2009 432 2065 et
445 2023 553 2085 magno
568 2004 655 2065 simul
669 2003 775 2085 incipit
789 2025 861 2067 ore:

62 2089 184 2151 Parcite
194 2090 269 2172 jam,
284 2089 401 2168 Rutuli,
417 2095 449 2151 et
463 2109 515 2151 vos
529 2089 590 2150 tela
604 2088 738 2167 inhibito,
754 2088 854 2151 Latini
867 2109 876 2166 3

63 2173 277 2256 Quaecumque
292 2180 339 2236 est
352 2175 483 2253 fortuna,
497 2195 565 2236 mea
580 2180 647 2249 est;
669 2195 717 2235 me
732 2174 832 2237 verius
847 2197 940 2237 unum

62 2259 123 2322 Pro
139 2260 220 2322 vobis
234 2259 339 2322 foedus
353 2260 449 2338 luere,
466 2266 497 2322 et
512 2259 674 2321 decernere
690 2260 781 2321 ferro.

61 2344 236 2419 Discessere
252 2366 353 2407 omnes
367 2346 468 2423 medii,
484 2345 672 2426 spatiumque
688 2343 810 2407 dedere.

105 2429 151 2492 At
165 2436 251 2512 pater
265 2430 400 2508 AeneaS,
416 2430 518 2493 audito
532 2430 649 2491 nomine
665 2429 769 2507 Turni,

61 2515 184 2577 Deserit
199 2520 230 2576 et
244 2535 344 2577 muros
359 2521 390 2577 et
405 2535 534 2577 summas
550 2514 661 2576 deserit
676 2535 772 2594 arces,

61 2599 306 2683 Praecipitatque
320 2620 418 2662 moras
432 2621 545 2678 omncs,
563 2620 654 2682 opera
667 2600 765 2662 omnia
779 2599 902 2683 rumpit,

61 2685 192 2747 Laetitia
206 2685 370 2763 exsultans,
383 2684 624 2767 horrendumque
639 2684 755 2747 intonat
769 2685 859 2747 armis
872 2707 880 2747 z

62 2769 200 2843 Quantus
214 2768 325 2848 Athos,
341 2777 395 2832 aut
409 2776 538 2853 quantus
554 2770 650 2854 Eryx,
668 2776 721 2831 aut
735 2770 810 2852 ipse,
826 2768 957 2833 coruscis

62 2854 163 2928 Quum
177 2855 278 2917 fremit
292 2855 419 2935 ilicibus,
436 2861 576 2938 quantus,
592 2854 765 2937 gaudetque
780 2855 872 2917 nivali

61 2941 188 3003 Vertice
204 2961 236 3003 se
254 2939 392 3002 attollens
407 2948 495 3024 pater
508 2940 689 3023 Apenninus
704 2939 744 3004 ad
760 2959 861 3002 auras.

60 3025 83 3088 J
84 3047 133 3087 am
148 3047 218 3088 vero
234 3030 265 3087 et
280 3026 385 3087 Rutuli
401 3025 538 3089 certatim
553 3031 584 3087 et
598 3025 692 3087 Troes
709 3031 740 3086 et
754 3046 856 3088 omnes

62 3111 247 3174 Convertere
263 3111 363 3172 oculos
378 3110 460 3190 Itali,
476 3111 585 3192 quique
602 3110 663 3172 alta
677 3109 821 3172 tenebant

61 3196 194 3274 Moenia,
210 3194 321 3278 quique
336 3195 410 3258 imos
425 3196 584 3279 pulsabant
599 3195 692 3257 ariete
707 3215 819 3274 muros,

39 3282 43 3287 ’
60 3282 217 3364 Armaque
233 3280 398 3363 deposuere
414 3281 555 3343 humeris.
603 3279 714 3364 Stupet
727 3280 791 3364 ipse
807 3280 945 3362 Latinus,

60 3367 218 3448 Ingentes,
234 3367 350 3448 genitos
367 3366 491 3430 diversis
506 3367 640 3449 partibus
655 3367 745 3446 orbis,

60 3453 148 3514 Inter
163 3473 194 3514 sc
211 3452 314 3514 coiisse
330 3451 409 3515 viros
425 3458 457 3515 et
472 3473 596 3514 cernere
611 3453 701 3515 ferro.

59 3539 164 3620 Atque
180 3537 233 3615 illi,
248 3543 283 3598 ut
297 3558 396 3600 vacuo
407 3543 569 3620 patuerunt
584 3558 712 3619 aequore
729 3537 837 3620 campi,

59 3624 213 3684 Procursu
228 3621 344 3704 rapido,
361 3624 503 3707 conjectis
519 3623 633 3685 eminus
647 3622 752 3699 hastis,

58 3707 214 3771 Invadunt
229 3707 361 3770 Martem
376 3709 490 3793 clypcis
507 3715 596 3789 atque
612 3728 682 3769 aere
700 3727 814 3768 sonoro.

57 3796 124 3859 Dat
139 3792 283 3875 gemitum
298 3794 387 3856 tellus
400 3813 408 3869 ;
432 3801 496 3855 tum
512 3793 632 3854 crebros
648 3792 768 3854 ensibus
783 3791 861 3854 ictus

406 3877 446 3938 28
