2496 4334
154 285 217 350 252
493 303 523 348 P.
546 303 688 349 vracrrrr
709 267 854 350 marmus

152 456 285 520 Tantum
299 453 448 517 infelicem
462 455 585 517 nimium
599 455 704 518 dilexit
719 457 855 519 amicum.

153 542 238 605 Talia
254 541 335 603 dicta
350 540 441 602 dabat
454 560 462 616 ;
485 541 538 603 sed
554 542 665 603 viribus
682 543 760 604 ensis
776 543 901 604 adactus

153 626 322 691 Transabiit
337 632 447 704 costas5
460 632 492 688 et
506 626 634 689 candida
648 634 770 709 pectora
784 628 906 710 rumpit.

152 712 294 775 Volvitur
308 710 460 794 Euryalus
473 713 545 788 leto,
557 713 755 795 pulchrosque
770 733 825 794 per
841 720 923 774 artus

152 797 185 859 It
199 818 298 874 cruor,
310 795 399 878 inque
414 796 552 858 humeros
569 797 671 859 cervix
686 798 816 879 collapsa
830 797 995 861 recumbit:

153 882 328 965 Purpureus
344 881 436 943 veluti
451 902 543 964 quum
557 882 621 960 flos,
637 882 769 944 succisus
785 889 896 961 aratro,

153 966 337 1049 Languescit
350 966 489 1045 moriens,
504 968 619 1029 lassove
635 987 785 1048 papavera
800 968 875 1029 collo

152 1051 308 1115 Demisere
324 1057 425 1133 caput,
440 1052 542 1134 pluvia
557 1073 648 1134 quum
662 1052 740 1113 forte
756 1057 930 1133 gravantur.

152 1136 198 1198 At
212 1138 305 1199 Nisus
320 1137 380 1198 ruit
393 1136 425 1197 in
438 1137 562 1213 medios,
578 1138 731 1218 solumque
746 1158 801 1219 per
810 1157 910 1200 omnes

152 1220 346 1284 Volseentem
360 1221 455 1304 petit3
477 1221 508 1282 in
523 1224 584 1283 solo
599 1220 762 1284 Volscente
776 1228 872 1284 morat
911 1269 919 1284 .

153 1305 249 1378 Quem
261 1307 373 1369 circum
384 1307 540 1387 glomerati
550 1307 650 1368 hostes
661 1306 731 1379 hinc
746 1302 909 1368 comminus*
918 1314 1009 1390 atque
1020 1307 1090 1371 hinc

108 1417 111 1422 ·
152 1391 344 1454 Proturbant.
389 1391 489 1453 Instat
501 1413 561 1454 non
576 1392 673 1454 secius
688 1411 723 1453 ac
738 1398 818 1453 rotat
830 1413 931 1454 ensem

151 1477 351 1554 Fulmineum,
362 1476 456 1539 donec
473 1477 578 1539 Rutuli
593 1477 747 1538 clamantis
762 1477 793 1537 in
808 1497 858 1538 ore

153 1560 294 1623 Condidit
309 1561 444 1639 adverso,
460 1567 492 1623 et
506 1563 633 1624 moriens
649 1562 777 1623 animam
792 1562 913 1624 abstulit
926 1562 1015 1625 hosti.

152 1647 229 1708 Tum
243 1667 333 1729 super
348 1647 516 1709 exanimum
530 1667 596 1709 sose
611 1647 737 1730 projecit
752 1647 880 1708 amicum

153 1729 325 1811 Confessus,
339 1731 515 1814 placidaque
530 1732 705 1794 ibi-demum
719 1738 814 1794 morte
829 1732 952 1814 quievit.

151 1814 309 1878 Fortunati
323 1815 429 1880 ambo!
453 1818 478 1879 si
493 1817 565 1899 quid
579 1838 647 1878 mea
662 1818 795 1879 carmina
809 1823 943 1899 possunt,

151 1901 245 1963 Nulla
259 1901 322 1964 dies
337 1922 478 1984 umquam
492 1903 615 1964 memori
629 1922 681 1964 vos
697 1903 807 1964 eximet
821 1922 906 1980 aevc,

151 1985 232 2047 Dum
247 1987 351 2049 domus
365 1985 490 2049 Aeneae
507 1985 636 2070 Capitoli
650 1987 797 2050 immobile
812 2007 916 2049 saxum

150 2069 290 2151 Accolet,
304 2072 519 2155 imperiumque
534 2079 622 2155 pater
636 2072 787 2135 Romanus
802 2072 933 2135 habebit.

193 2157 333 2221 Victores
347 2157 460 2240 praeda
475 2158 580 2219 Rutuli
595 2157 752 2240 spoliisque
767 2157 863 2240 potiti,

150 2242 345 2304 Volscentem
360 2242 528 2304 exanimum
542 2244 648 2304 flentes
663 2243 694 2302 in
709 2250 808 2304 castra
822 2241 970 2304 ferebant.

150 2325 182 2386 N
184 2346 217 2387 ec
233 2328 328 2388 minor
341 2327 372 2388 in
388 2327 493 2388 castris
508 2328 618 2406 luctus,
633 2327 801 2389 Rhamnete
816 2333 936 2410 reperto

150 2410 315 2493 Exsangui,
330 2419 362 2474 et
376 2412 477 2494 primis
492 2432 557 2474 una¹
566 2419 611 2474 tot
626 2412 718 2474 caede
735 2415 887 2495 peremtis,

45 2562 47 2566 ,
152 2494 340 2579 Serranoque
355 2497 537 2579 Numaque:
561 2498 666 2579 ingens
683 2518 843 2560 concursus
859 2497 897 2558 ad
912 2496 977 2578 ipsa

151 2580 283 2663 Corpora
298 2582 519 2664 seminecesque
536 2583 625 2662 viros,
640 2583 801 2665 tepidaque
816 2588 971 2645 recentem

151 2665 251 2728 Caede
266 2668 364 2729 locum
379 2674 410 2729 et
425 2669 511 2750 pleno
527 2675 699 2750 spumantes
715 2668 860 2749 sanguine
872 2667 961 2728 rivos.

148 2751 328 2832 Agnoscunt
343 2753 435 2835 spolia
451 2754 529 2814 inter
544 2774 587 2831 se,
603 2755 778 2835 galeamque
790 2754 935 2813 nitentem

149 2834 293 2919 Messapi,
310 2844 341 2899 et
355 2839 447 2899 multo
462 2839 599 2920 phaleras
614 2839 721 2900 sudore
737 2845 885 2920 receptas.

192 2921 234 2983 Et
244 2923 309 3005 jam
323 2923 418 3004 prima
432 2943 508 2984 novo
523 2924 684 3006 spargebat
694 2923 804 2985 lumine
819 2930 916 2984 terras

149 3005 268 3069 Tithoni
283 3028 422 3069 croceum
435 3008 572 3090 linquens
588 3011 709 3071 Aurora
724 3009 842 3070 cubile:

149 3088 171 3153 J
172 3114 220 3154 am
235 3092 295 3154 sole
310 3093 418 3172 infuso,
431 3094 494 3176 jam
510 3094 599 3157 rebus
614 3096 681 3157 luce
696 3094 829 3171 retectis,

150 3177 268 3239 Turnus
283 3178 314 3238 in
330 3199 413 3240 arma
428 3179 516 3256 viros,
532 3181 621 3241 armis
637 3179 837 3241 circumdatus
853 3177 929 3259 ipse,

152 3260 294 3339 suscitat,
310 3269 488 3343 aeratasque
504 3263 583 3325 acies
599 3265 630 3325 in
645 3265 757 3346 proelia
772 3263 852 3344 cogit

151 3345 283 3428 Quisque
299 3367 378 3425 suas,
391 3347 539 3428 variisque
555 3355 667 3410 acuunt
681 3349 846 3410 rumoribus
861 3347 932 3409 iras.

150 3431 230 3504 Quin
245 3432 310 3514 ipsa
325 3433 460 3509 arrectis,
473 3433 537 3493 visu
551 3433 736 3499 miserabile!
752 3435 783 3495 in
798 3433 890 3495 hastis

149 3518 327 3599 Praefigunt
342 3518 441 3600 capita
455 3522 487 3579 et
500 3519 593 3580 multo
609 3521 736 3581 clamore
752 3524 919 3603 sequuntur

150 3602 275 3686 Euryali
291 3610 322 3666 ct
338 3604 416 3666 Nisi.

149 3686 313 3750 Aeneadae
330 3689 398 3751 duri
412 3709 566 3751 murorum
580 3689 610 3749 in
625 3695 711 3770 parte
727 3688 846 3751 sinistra

151 3770 325 3854 Opposuere
341 3775 447 3853 aciem,
462 3811 507 3822 -
521 3795 590 3835 nam
606 3774 731 3836 dextera
746 3773 878 3854 cingitur
892 3768 971 3834 amni
980 3801 1023 3813 -
