2496 4334
128 268 192 335 276
461 289 490 333 ι.
515 287 656 335 ιιιιιιιιι
677 287 821 335 ussurus

127 438 205 501 Tum
220 444 311 522 caput
326 445 412 502 orant
412 439 437 502 is
451 439 653 522 nequidquam
669 445 700 502 et
687 440 809 502 tmulta
823 439 957 523 parantis

127 523 238 586 Dicere
255 522 395 586 deturbat
382 529 549 602 ttterrae,
550 545 734 622 raucumque
750 530 903 607 tepentem
1116 543 1167 589 555

128 608 322 687 Provolvens,
339 629 429 691 super
442 609 539 670 haec'
532 609 649 671 mimico
664 615 784 690 pectore
799 610 898 670 satim.

128 692 201 754 Istic
216 713 307 771 nunc,
322 693 517 771 metuende,
503 714 573 776 yace
587 693 593 757 l
640 693 711 756 Non
725 699 756 755 te
771 693 884 775 optima
897 697 960 754 mat
961 713 995 754 er

130 776 247 839 Condet
260 777 361 855 humo,
376 777 531 860 patrioque
547 777 682 839 onerabit
696 777 829 839 membra
843 778 980 860 sepulcro
992 796 1000 852 ;

127 860 260 922 Alitibus
274 861 408 943 linquere
424 862 507 939 feris,
522 867 575 923 aut
590 861 709 942 gurgite
724 882 855 924 mersum

53 959 56 965 '
128 945 221 1007 Unda
235 945 323 1022 feret,
339 946 496 1028 piscesque
513 945 632 1028 impasti
646 946 771 1008 vulnera
784 947 925 1009 lambent.
1119 963 1169 1012 560

128 1029 276 1091 Protcnus
291 1030 444 1092 Antaeum
460 1037 491 1092 et
505 1029 630 1108 Lucam,
646 1030 740 1112 prima
756 1031 876 1111 agmina
890 1029 997 1105 Turni,

129 1113 336 1194 Persequitur,
346 1114 511 1195 fortemque
528 1113 671 1191 Numam,
685 1114 860 1196 fulvumque
877 1113 1059 1191 Camertem,

128 1197 322 1279 Magnanimo
337 1199 500 1261 Volscente
516 1205 625 1276 satum,
640 1198 800 1260 ditissimus
815 1199 881 1279 agri

130 1281 189 1354 Qui
202 1281 260 1343 fuit
274 1282 464 1345 Ausonidum
479 1289 510 1344 et
524 1283 622 1344 tacitis
637 1283 775 1364 regnavit
789 1282 937 1366 Amyclis.

129 1367 275 1448 Aegaeon
290 1367 396 1448 qualis,
413 1376 533 1428 centum
548 1367 597 1428 cui
611 1367 733 1430 brachia
748 1366 852 1429 dicunt
1120 1384 1168 1434 565

131 1450 339 1533 Centenasque
356 1472 472 1529 manus,
488 1451 704 1533 quinquaginta
718 1451 818 1513 oribus
833 1450 934 1532 ignem

129 1535 364 1616 Pectoribusque
380 1536 499 1614 arsisse,
514 1535 536 1598 J
537 1537 600 1599 ovis
615 1557 706 1618 quum
721 1535 846 1597 fulmina
861 1542 965 1598 contra

130 1619 188 1680 Tot
201 1619 321 1700 paribus
336 1626 485 1702 streperet
499 1620 859 1717 clypeis,totstringeret
874 1640 981 1682 enses·

132 1702 182 1765 Sic
198 1709 260 1765 toto
274 1703 396 1765 Aeneas
412 1704 567 1766 desaevit'
559 1726 591 1766 m
607 1724 737 1786 aequore
752 1704 859 1782 victor,

130 1787 175 1850 Ut
190 1788 281 1849 semel
294 1787 423 1870 intepuit
436 1808 549 1850 mucro
597 1787 677 1861 Quin
692 1808 762 1851 ecce
778 1787 910 1871 Niphaei
1121 1805 1169 1853 570

131 1868 255 1943 Quadri
241 1893 332 1954 yuges
347 1872 378 1934 in
393 1893 484 1953 equos
500 1872 686 1954 adversaque
701 1880 824 1955 pectora
838 1871 954 1946 tendit3

130 1955 234 2037 Atque
241 1896 291 2018 lili
304 1957 392 2037 longe
408 1956 723 2053 gradientemtetdira
736 1958 915 2019 frementem

131 2039 178 2102 Ut
192 2040 304 2119 videre,
319 2046 403 2102 metu
417 2040 495 2103 versi
509 2047 649 2122 retroque
664 2048 786 2104 ruentes

131 2124 355 2207 Effunduntque
370 2125 488 2202 ducem,
503 2125 682 2207 rapiuntque
698 2125 737 2188 ad
751 2125 839 2187 litora
852 2141 968 2186 currus.

130 2209 233 2271 Iterea
247 2209 355 2290 bijugis
369 2209 461 2270 infert
475 2230 507 2271 se
523 2209 664 2290 Lucagus
680 2209 753 2271 albis
1118 2221 1167 2271 575

131 2292 169 2353 In
183 2292 295 2354 medios
309 2294 462 2374 fraterque
478 2292 589 2373 Liger3
613 2293 666 2355 sed
681 2293 776 2354 frater
789 2291 913 2353 habenis

130 2376 241 2438 Flectit
256 2397 358 2458 equos,
374 2378 510 2439 strictum
525 2383 605 2439 rotat
619 2398 689 2439 acer
703 2376 845 2458 Lucagus
860 2395 972 2437 ensem.

130 2460 224 2522 Haud
239 2462 307 2522 tulit
320 2461 443 2523 Aeneas
458 2467 541 2523 tanto
556 2463 673 2523 fervore
688 2461 843 2523 furentes:

129 2543 233 2622 Irruit,
246 2545 430 2628 adversaque
445 2546 551 2626 ingens
566 2546 705 2628 apparuit
718 2546 814 2606 hasta.

131 2629 187 2691 Oui
202 2630 314 2711 Liger:
1121 2643 1168 2692 580

129 2713 203 2775 Non
218 2713 370 2776 Diomedis
386 2734 488 2795 equos,
499 2735 555 2776 nec
572 2735 692 2776 currum
708 2713 804 2775 cernis
818 2711 942 2790 Achilli,

128 2799 194 2860 Aut
209 2798 361 2881 Phrygiae
378 2818 496 2881 campos
510 2819 517 2873 ;
540 2820 619 2860 nunc
634 2799 704 2859 belli
718 2799 785 2860 finis
801 2804 832 2858 et
846 2796 912 2858 aevi

129 2883 187 2944 His
203 2881 323 2943 dabitur
337 2882 435 2943 terris.
481 2883 603 2945 Vesano
619 2883 691 2944 talia
705 2883 766 2943 late

128 2967 220 3029 Dicta
235 2967 339 3028 volant
353 2965 474 3047 Ligeri;
498 2966 551 3028 sed
566 2987 626 3028 uon
641 2972 672 3027 ct
687 2966 793 3028 Troius
807 2965 896 3026 heros

128 3051 220 3114 Dicta
234 3057 321 3132 parat
340 3049 461 3132 [contra
474 3071 481 3112 :
498 3051 634 3132 jaculum
648 3070 718 3111 nam
732 3055 853 3130 torquet
868 3048 898 3109 in
912 3043 1060 3126 hostem].
1119 3061 1168 3110 585

128 3135 269 3215 Lucagus
285 3141 319 3196 ut
333 3155 443 3217 pronus
459 3134 593 3217 pendens
607 3135 639 3196 in
653 3135 779 3196 verbera
793 3134 853 3194 telo

128 3218 294 3282 Admonuit
307 3218 434 3300 bijugos,
446 3219 579 3300 projecto
594 3217 666 3279 dum
680 3218 757 3300 pede
772 3218 858 3278 laevo

128 3302 227 3383 Aptat
239 3321 270 3362 se
286 3322 405 3383 pugnae
419 3322 427 3377 3
451 3302 529 3363 subit
544 3323 610 3363 oras
625 3301 712 3364 hasta
726 3322 780 3383 per
795 3301 869 3362 imas

128 3385 285 3467 Fulgentis
300 3385 411 3468 clypei,
426 3392 490 3446 tum
504 3387 623 3447 laevum
637 3387 770 3468 perforat
784 3385 896 3465 inguen
910 3404 918 3444 :

129 3470 281 3533 Excussus
298 3490 388 3531 curru
403 3469 596 3532 moribundus
611 3470 740 3532 volvitur
755 3469 844 3531 arvis.

129 3551 226 3626 Quem
241 3553 307 3636 pius
321 3553 444 3616 Aeneas
459 3553 546 3617 dictis
561 3555 668 3616 affatur
683 3555 811 3616 amaris:

129 3637 263 3718 Lucage,
278 3639 360 3700 nulla
375 3644 442 3700 tuos
457 3659 562 3701 currus
578 3640 651 3720 fuga
666 3639 766 3720 segnis
782 3658 925 3719 equorum

129 3721 277 3801 Prodidit,
292 3728 345 3783 aut
359 3743 454 3785 vanae
469 3729 587 3786 vertere
604 3744 640 3784 ιιι
655 3723 788 3785 hostibus
803 3722 926 3783 umbrae
943 3739 952 3795 ;
