2496 4334
143 276 184 342 72
483 293 512 339 Ρ.
537 294 679 339 ιιιιιιιιιι
700 293 846 339 mnaonrs

144 447 220 511 Esse
236 447 340 530 apibus
355 452 472 531 partem
487 447 605 510 divinae
620 447 728 509 ment-is
744 453 775 509 ot
763 448 880 510 tthaus
868 454 915 511 tus

143 532 304 595 Aetherios
320 534 444 608 dixere3
467 532 557 594 deum
571 555 701 632 namque
717 533 760 594 ire
777 555 830 615 per
845 555 946 596 omnes

143 619 354 701 Terrasque,t
355 640 406 680 rao
408 624 516 701 tusque
532 620 632 697 maris,
649 619 824 701 coelumque
840 619 1040 702 profundum

143 704 224 765 Hinc
240 704 384 787 pecudes,
400 710 516 766 arment
517 725 545 783 a,
562 706 650 783 viros,
666 726 761 786 genus
777 727 862 766 omne
878 707 1021 786 ferarum,

144 788 300 872 Quemque
316 791 372 852 sibi
386 797 492 852 tenues
507 797 681 852 nascentem
696 811 848 852 arcessere
866 792 961 868 vitas;

148 872 270 938 Scilicet
284 875 343 938 huo
359 875 446 938 reddi
461 875 568 937 deinde
584 897 619 938 ac
636 877 767 938 resoluta
782 877 888 938 referri

148 959 273 1037 Omnia3
296 982 352 1023 neo
368 961 456 1022 morti
472 982 536 1024 esse
552 962 661 1038 locum,
677 962 731 1024 sed
747 962 815 1023 viva
830 963 930 1024 volare

145 1044 260 1109 Sideris
275 1048 306 1108 in
320 1068 490 1126 numerum,
506 1053 597 1129 atque
614 1048 674 1109 alto
689 1047 852 1109 succedere
869 1049 961 1109 coelo.

188 1130 221 1194 Si
237 1132 356 1214 quando
372 1132 474 1194 sedem
490 1139 648 1214 augustam
664 1138 767 1194 servat
768 1154 845 1214 aque
860 1134 950 1195 mella

143 1217 303 1279 Thesauris
318 1219 445 1280 relines·
469 1219 551 1300 prius
566 1218 655 1280 haust
643 1224 676 1280 tu
691 1239 811 1301 sparsus
826 1239 972 1300 aquarum

144 1300 208 1364 Ora
222 1303 301 1380 fove,
316 1304 472 1386 fumosque
488 1325 578 1365 manu
593 1310 680 1386 praet
667 1304 757 1365 tende
773 1325 929 1386 sequaces.

142 1387 196 1450 Bis
212 1388 352 1470 gravidos
367 1394 478 1470 cogunt
466 1389 537 1450 ttfe
524 1395 584 1468 tus,
600 1389 687 1451 duot
675 1397 810 1471 tempora
823 1391 938 1469 messis,

143 1474 262 1556 Tayget
263 1496 279 1536 e
250 1475 383 1536 tsimul
397 1496 429 1536 os
445 1475 533 1537 tern's
549 1475 679 1537 ostendit
693 1475 850 1536 honestum

143 1558 236 1638 Plias,
253 1566 284 1622 et
300 1558 415 1623 Oceani
431 1567 546 1641 spretos
561 1561 638 1643 pede
653 1561 764 1643 repulit
779 1581 882 1622 amnes
897 1578 905 1636 3

141 1643 210 1707 Aut
224 1645 329 1707 eadem
344 1646 426 1707 sidus
441 1645 560 1726 fugiens
575 1647 626 1707 ubi
642 1645 737 1707 Piscis
753 1645 857 1727 aquosi

143 1730 269 1793 Tristior
282 1731 423 1793 hibernas
439 1733 521 1793 coelo
536 1732 695 1794 descendit
708 1732 740 1792 in
758 1731 864 1792 undas.

142 1815 207 1878 Illis
222 1817 268 1878 ira
281 1817 401 1878 modurn
420 1838 510 1899 supra
525 1824 582 1894 est,
598 1819 757 1899 laesaeque
774 1837 923 1878 venenum

142 1901 294 1964 Morsibus
308 1903 465 1984 inspirant,
482 1909 513 1963 et
527 1904 642 1984 spicula
657 1923 748 1964 caeca
764 1903 939 1984 relinquunt

142 1985 261 2049 Affixae
276 1989 371 2066 venis,
388 1989 560 2070 animasque
576 1989 606 2050 in
622 1989 745 2049 vulnere
761 1994 886 2069 ponunt.

144 2070 199 2134 Sin
214 2073 320 2134 duram
334 2079 451 2135 metues
466 2074 594 2135 hiemem
609 2094 774 2156 parcesque
790 2074 904 2151 futuro,

144 2156 349 2241 Gontusosque
366 2160 478 2221 animos
494 2166 525 2220 ct
539 2181 588 2222 res
602 2159 783 2221 miserabere
798 2157 930 2220 fractas:

142 2242 188 2304 At
203 2245 302 2306 suffire
317 2243 432 2327 thymo,
448 2265 593 2326 cerasque
611 2243 878 2320 recidereinancs‚

143 2327 217 2400 Quis
230 2329 346 2390 dubitet
359 2328 372 2390 ἶ)
394 2351 464 2392 nam
479 2350 568 2411 saepo
583 2331 688 2392 favos
682 2336 765 2409 lgnot
765 2351 801 2390 us
752 2328 918 2391 tadedit

145 2412 308 2492 Stellio,et
295 2415 463 2496 tluoifugis
479 2423 603 2495 congost
604 2437 622 2477 a
590 2382 747 2478 tcubiba
761 2415 845 2475 blatt
812 2420 874 2493 ttrs,

141 2499 346 2582 Immunisque
362 2501 470 2562 sedens
485 2468 582 2563 aliena
597 2501 636 2563 ad
651 2501 761 2583 pabula
775 2501 883 2561 fucus·
876 2546 883 2574 ,

141 2584 207 2648 Aut
222 2607 310 2668 asper
325 2586 432 2648 crabro
447 2587 609 2668 imparibus
624 2608 655 2648 se
670 2586 831 2647 immiscuit
846 2584 946 2662 amnis,

141 2671 208 2733 Aut
223 2672 332 2749 dirum,
349 2673 459 2753 tineae,
476 2693 583 2753 genus,
599 2679 652 2734 aut
667 2672 762 2732 invisa
777 2671 934 2732 Minervae

141 2756 239 2818 Laxos
254 2757 285 2817 in
299 2757 412 2818 foribus
426 2758 582 2839 suspendit
597 2778 709 2819 aranea
724 2777 834 2818 casses.

142 2839 208 2912 Quo
222 2843 317 2923 magis
334 2843 495 2904 exhaustae
510 2843 634 2919 fuerint,
649 2843 705 2904 hoc
722 2843 820 2902 acrius
835 2861 938 2903 omncs

141 2926 323 2988 Incumbent
339 2928 457 3008 generis
472 2928 548 3010 lapsi
563 2929 674 2989 sarcire
690 2928 804 3004 ruinas,

141 3011 400 3095 Complebuntque
415 3013 507 3087 foros,
523 3020 554 3075 et
568 3014 688 3075 fioribus
703 3012 811 3074 horrea
826 3017 940 3072 terent.

184 3096 217 3160 Si
233 3120 315 3176 vero,
332 3099 471 3181 quoniam
487 3121 574 3161 casus
589 3099 694 3181 apibus
710 3118 828 3180 quoque
844 3103 963 3158 nostros

140 3183 214 3245 Vita
229 3184 308 3261 tulit,
323 3185 402 3247 tristi
417 3186 604 3265 languebunt
619 3205 745 3266 corpora
759 3183 861 3244 morbo
874 3201 881 3254 ;

140 3266 227 3339 Quod
237 3270 301 3352 jam
316 3291 376 3331 non
391 3269 489 3330 dubiis
505 3271 617 3350 poteris
633 3289 813 3350 cognoscere
830 3266 943 3345 signis:

141 3353 288 3415 Continuo
304 3361 351 3418 cst
365 3354 464 3436 aegris
480 3355 554 3417 alius
570 3357 669 3429 color3
692 3353 813 3416 horrida
828 3353 944 3414 vultum

138 3440 295 3502 Deformat
308 3441 419 3502 macies
435 3460 442 3511 ;
467 3447 529 3502 tum
545 3461 669 3523 corpora
683 3441 750 3502 luce
767 3444 923 3501 carentum

138 3525 307 3608 Expertant
321 3526 420 3603 tectis,
437 3533 467 3588 et
484 3528 582 3588 tristia
595 3528 703 3588 funera
718 3526 832 3586 ducunt
846 3543 854 3598 ;

138 3611 204 3671 Aut
219 3611 287 3673 illae
300 3613 429 3695 pedibus
446 3633 598 3674 connexae
616 3611 655 3674 ad
671 3612 772 3673 limina
787 3609 932 3692 pendent,

137 3696 204 3757 Aut
218 3696 298 3759 intus
314 3698 422 3760 clausis
438 3704 618 3760 cunctantur
633 3698 664 3758 in
679 3697 814 3771 aedibus,
830 3713 932 3756 omnes
1024 3728 1028 3763 ς

137 3780 330 3864 Ignavaeque
345 3784 424 3847 fame
440 3790 472 3846 et
486 3790 640 3847 contracto
654 3783 765 3864 frigore
781 3781 897 3863 pigrae.
1026 3824 1044 3862 ς,
