2496 4334
89 278 130 342 62
427 298 456 342 r.
481 296 623 342 vrnornrr
645 293 790 341 Minurus

128 451 174 513 At
189 449 238 514 cui
251 449 339 513 lactis
355 471 448 528 amor,
464 449 593 534 cytisum
607 451 743 533 lotosque
758 449 933 533 frequentes

27 595 36 617 ,
85 536 155 619 Ipse
171 558 262 599 manu
277 537 430 619 salsasque
445 537 524 598 ferat
538 537 732 619 praesepibus
746 536 865 598 herbas

84 620 166 684 Hinc
183 629 214 684 et
228 628 330 684 amant
344 623 448 684 fluvios
462 622 569 704 magia,
585 643 621 684 ac
636 623 731 704 magis
746 621 840 684 ubera
855 622 994 702 tendunt,

85 707 127 769 Et
142 709 211 771 salis
226 708 378 771 occultum
392 709 529 770 referunt
543 708 575 771 iu
588 708 668 770 lacte
684 729 831 790 saporem.

84 793 175 855 Multi
185 795 251 877 jam
266 799 401 855 excretos
416 793 574 876 prohibent
589 815 607 856 a
621 793 765 856 matribus
780 793 904 872 haedos,

84 877 246 962 Primaque
261 879 382 942 ferratis
397 881 567 962 praefigunt
582 900 635 941 ora
650 879 797 962 capistris.

85 963 172 1035 Quod
187 970 329 1047 surgente
346 963 394 1026 die
409 966 538 1027 mulsere
553 965 693 1047 horisque
709 964 835 1043 diurnis,

84 1049 183 1112 Nocte
199 1057 339 1134 premunt
352 1070 359 1125 ;
383 1051 463 1132 quod
473 1052 538 1135 jam
552 1050 684 1113 tenebris
699 1057 731 1113 et
745 1052 806 1113 sole
823 1049 962 1129 cadente,

86 1133 149 1196 Sub
164 1137 283 1199 lucem:
307 1142 467 1218 exportans
483 1137 608 1199 calathis
624 1136 688 1198 adit
702 1136 812 1219 oppida
826 1143 949 1219 pastor3

84 1220 151 1282 Aut
165 1242 255 1305 parco
270 1223 331 1284 sale
348 1222 535 1304 contingrmt,
549 1221 699 1305 hiemique
714 1229 873 1305 reponunt.

127 1307 159 1368 N
161 1329 195 1369 ee
210 1309 264 1369 tibi
280 1328 353 1370 cura
368 1328 475 1370 canum
489 1307 582 1371 fuerit
595 1313 765 1391 postrema:
791 1308 845 1370 sed
859 1329 920 1370 una

83 1390 212 1455 Veloces
230 1392 357 1477 Spartae
376 1394 489 1455 catulos
505 1414 664 1476 acremque
680 1393 844 1455 Molossum

83 1476 180 1541 Pasce
197 1500 263 1541 sero
278 1480 393 1562 pingui.
438 1478 604 1562 Nunquam
619 1479 791 1543 custoribus
805 1479 863 1542 illis

85 1562 276 1627 Nocturnum
292 1565 416 1627 stabulis
430 1566 538 1644 furem,
554 1565 751 1647 incursusque
766 1566 915 1648 luporum,

84 1648 150 1711 Aut
164 1650 326 1733 impacatos
343 1672 361 1713 a
375 1657 461 1733 tergo
475 1650 609 1713 horrebis
624 1651 739 1713 Iberos.

86 1732 189 1818 Saepe⁴
201 1737 291 1798 etiam
306 1758 396 1799 cursu
411 1737 529 1799 timidos
545 1737 672 1818 agitabis
687 1757 825 1819 onagros,

84 1819 126 1881 Et
140 1822 261 1884 canibus
275 1824 418 1904 leporem,
434 1823 556 1885 canibus
572 1822 721 1885 venabere
736 1823 851 1885 damas.

86 1903 184 1989 Saepe
200 1908 361 1970 volutabris
377 1910 476 1991 pulsos
491 1909 675 1970 silvestribus
687 1929 774 1992 apros

84 1990 210 2054 Latratu
226 1994 359 2056 turbabis
374 2014 478 2076 agens,
493 2000 669 2076 montesque
684 2015 739 2077 per
754 1994 829 2056 altos

84 2077 143 2139 Ino
162 2085 244 2140 ntem
259 2080 387 2142 elamore
403 2101 521 2162 premes
537 2080 575 2142 ad
590 2080 668 2142 retia
684 2101 816 2142 cervum.

102 2099 217 2242 diiisce
233 2171 265 2227 et
279 2166 432 2227 odoratam
447 2166 570 2228 stabulis
586 2166 752 2228 accendere
768 2165 903 2245 cedrum,

84 2247 298 2333 Galbaneoque
314 2252 430 2332 agitare
446 2272 554 2333 graves
568 2251 672 2314 nidore
688 2251 857 2335 chelydros.

86 2333 183 2418 Saepe
199 2336 254 2398 sub
268 2336 396 2398 immotis
411 2337 604 2420 praesepibus
620 2343 673 2399 aut
686 2338 765 2399 mala
780 2344 864 2400 tactu

84 2420 200 2503 Vipera
216 2421 345 2501 delituit,
361 2424 536 2505 coelumque
552 2423 696 2485 exterrita
710 2423 810 2504 fugit3

82 2506 150 2568 Aut
165 2513 244 2570 tecto
260 2508 402 2571 adsuetus
418 2509 539 2571 coluber
554 2509 717 2571 succedere
733 2516 764 2571 et
778 2508 914 2588 umbrae,

83 2593 181 2655 Pestis
197 2594 307 2656 acerba
320 2595 420 2673 boum,
435 2594 596 2678 pecorique
612 2594 794 2676 adspergere
810 2595 903 2673 virus,
1023 2618 1031 2631 ·

82 2677 171 2740 Fovit
185 2679 317 2741 humum.
365 2679 446 2763 Oape
463 2701 535 2742 saxa
549 2701 651 2758 manu,
667 2701 741 2763 cape
757 2681 874 2759 robora,
889 2686 1002 2765 pastor,
1077 2703 1126 2751 cao

83 2763 307 2848 Tollentemque
322 2765 417 2828 minas
433 2772 464 2828 et
479 2766 564 2827 sibila
579 2767 654 2828 colla
668 2772 833 2827 tumentem

68 2849 207 2935 ¹Dejice3
225 2851 349 2935 jamque
364 2851 438 2933 fuga
453 2851 589 2912 timidum
603 2858 695 2934 caput
710 2851 826 2913 abdidit
841 2852 914 2930 alte,

39 2937 62 2989 C
64 2932 183 3008 -Quum
196 2936 287 2998 medii
301 2957 396 2999 nexus
412 2941 623 3018 extremaeque
640 2937 764 3018 agmina
775 2936 889 2999 caudae

84 3020 259 3100 Solvuntur,
275 3021 436 3105 tardosque
452 3022 545 3083 trahit
560 3023 642 3084 sinus
657 3023 777 3086 ultimus
793 3023 889 3085 orbes.

83 3107 139 3170 Est
154 3108 245 3170 etiam
258 3109 308 3170 ille
323 3109 419 3171 malus
436 3107 572 3170 Calabris
586 3108 618 3169 in
633 3109 756 3171 saltibus
772 3109 889 3190 anguis,

84 3191 234 3275 Squamea
250 3195 427 3256 convolvens
443 3194 559 3255 sublato
574 3200 696 3276 pectore
711 3200 809 3276 terga,

81 3278 186 3360 Atque
201 3279 279 3341 notis
294 3280 414 3360 longam
427 3280 596 3341 maculosus
611 3279 774 3361 grandibus
789 3280 909 3342 alvum:

83 3361 152 3442 Qui,
168 3363 240 3426 dum
255 3386 357 3426 amnes
372 3365 425 3426 ulli
439 3371 619 3446 rumpuntur
633 3365 775 3445 fontibus,
791 3372 823 3427 et
837 3365 909 3427 dum

81 3449 164 3513 Vere
179 3451 303 3513 madent
317 3451 376 3512 udo
391 3458 490 3512 terrae
507 3471 541 3512 ac
557 3451 735 3532 pluvialibus
751 3451 871 3529 austris,

83 3534 199 3620 Stagna
214 3538 305 3612 oolit3
328 3537 460 3618 ripisque
475 3537 624 3614 habitans,
640 3537 688 3598 hie
703 3537 834 3619 piscibus
849 3543 945 3599 atram

82 3621 240 3705 Improbus
254 3623 418 3705 ingluviem
433 3622 573 3704 ranisque
588 3623 762 3704 loquacibus
778 3624 879 3705 explet
892 3642 900 3697 ;

81 3705 245 3790 Postquam
261 3716 367 3771 exusta
381 3709 479 3792 palus,
495 3714 654 3791 terraeque
670 3709 777 3770 ardore
793 3709 962 3786 dehiscunt,

82 3792 190 3855 Exsilit
204 3793 235 3854 in
250 3795 374 3872 siccum,
390 3801 420 3856 et
438 3795 621 3856 flammantia
635 3795 748 3856 lumina
762 3801 906 3877 torquens
