2496 4334
121 290 207 362 1150
484 310 513 356 1.
537 309 678 356 11101111
699 308 844 354 macrus

141 461 223 524 Dum
237 485 304 527 mea
318 470 366 526 me
381 463 491 526 victam
505 463 612 525 doceat
626 462 746 524 fortuna
768 461 880 524 dolere.

140 545 314 611 Extremam
327 550 405 611 hanc
421 569 472 610 oro
487 547 804 609 veniam—miserere
820 546 938 624 sororis,
950 582 993 594 -
1015 628 1017 632 .

141 630 237 704 Quam
252 634 322 695 mihi
337 655 429 718 quum
444 633 573 711 dederis,
589 633 770 695 cumulatam
784 638 879 693 morte
891 632 1052 695 remittam.

182 717 302 781 Talibus
317 719 430 797 orabat,
446 719 580 799 talesque
595 716 759 779 miserrima
773 717 861 778 fletus

138 799 270 884 Fertque
285 805 437 886 refertque
450 823 553 879 soror3
576 803 629 864 sed
643 802 731 864 nullis
746 802 795 887 ille
811 808 948 864 movetur

137 886 282 966 Fletibus,
299 895 351 951 aut
366 909 453 951 voces
468 890 543 950 ullas
558 888 723 949 tractabilis
740 886 824 949 audit
837 906 845 961 3

137 971 214 1035 Fata
230 974 357 1052 obstant,
373 974 563 1056 placidasque
579 973 635 1035 viri
651 972 724 1034 deus
739 972 866 1034 obstruit
881 991 979 1034 aures.

136 1058 185 1120 Ac
201 1060 283 1120 velut
298 1079 407 1121 annoso
423 1058 550 1121 validam
565 1079 657 1140 quum
672 1058 776 1119 robore
794 1077 938 1138 quercum

136 1142 240 1225 Alpini
254 1143 383 1222 Boreae,
398 1165 478 1206 nunc
493 1144 573 1221 hinc,
588 1163 668 1205 nunc
683 1142 801 1204 flatibus
816 1143 896 1204 illinc

137 1227 253 1290 Eruere
268 1229 347 1291 inter
362 1249 393 1290 se
409 1235 527 1291 certant
540 1249 548 1303 ;
569 1229 594 1290 it
609 1228 729 1305 stridor,
745 1233 776 1289 et
791 1228 869 1289 altae

138 1311 342 1375 Consternunt
356 1320 468 1376 terram
483 1334 626 1376 concusso
642 1313 741 1395 stipite
758 1312 901 1387 frondes3

135 1397 207 1479 Ipsa
220 1399 325 1461 haeret
339 1400 477 1481 scopulis,
493 1405 535 1476 et,
551 1404 694 1480 quantum
709 1398 821 1459 vertice
839 1397 877 1459 ad
900 1415 988 1459 auras

134 1483 307 1563 Aetherias,
322 1491 439 1546 tantum
454 1484 554 1546 radice
568 1485 602 1545 in
623 1484 751 1546 Tartara
764 1482 878 1544 tendit:

135 1567 228 1629 Haud
243 1589 329 1630 secus
345 1570 470 1632 assiduis
484 1570 553 1631 hinc
569 1575 659 1651 atque
674 1569 743 1630 hinc
759 1568 879 1630 vocibus
893 1567 982 1628 heros

135 1652 293 1731 Tunditur,
309 1660 341 1716 et
355 1676 463 1736 magno
477 1655 623 1737 persentit
637 1660 758 1736 pectore
770 1672 879 1728 euras3

134 1737 222 1800 Mens
236 1738 356 1801 immota
369 1747 486 1815 mauet;
508 1740 659 1822 lacrymae
676 1740 835 1800 volvuntur
848 1738 963 1799 inanes

177 1823 254 1884 Tum
270 1846 339 1887 vero
354 1825 456 1887 infelix
472 1826 541 1887 fatis
557 1825 700 1887 exterrita
714 1824 794 1886 Dido

134 1906 264 1969 Mortem
280 1916 365 1985 orat3
390 1911 492 1972 taedet
506 1911 581 1972 coeli
596 1929 728 1972 convexa
743 1909 830 1970 tueri.

135 1990 200 2064 Quo
214 1994 309 2075 magis
324 1995 474 2077 inceptum
489 2001 625 2077 peragat,
639 1996 796 2076 lucemque
813 1993 974 2073 relinquat,

134 2076 230 2156 Vidit,
247 2079 434 2142 thuricremis
449 2102 540 2163 quum
555 2081 632 2142 dona
647 2080 812 2162 imponeret
826 2078 896 2155 aris,
907 2111 967 2131 -.

133 2161 325 2225 Horrendum
341 2164 423 2227 dictu
435 2201 479 2211 -
490 2166 594 2228 latices
609 2166 779 2246 nigrescere
795 2183 907 2240 sacros,

133 2246 272 2331 Fusaque
287 2249 319 2310 in
333 2251 510 2311 obscoenum
525 2271 557 2312 se
572 2257 689 2311 vertere
705 2251 774 2312 vina
794 2269 941 2311 cruorem.

133 2332 201 2394 Hoc
217 2333 311 2394 visum
326 2333 409 2411 nulli,
425 2357 484 2397 non
499 2336 553 2417 ipsi
569 2337 658 2396 effata
673 2335 774 2397 sorori.

133 2417 296 2480 Praeterea
311 2419 367 2481 fuit
381 2420 413 2480 in
428 2421 515 2482 tectis
530 2421 567 2481 de
581 2441 727 2482 marmore
742 2420 885 2500 templum

134 2502 275 2586 Oonjugis
291 2505 415 2587 antiqui,
432 2506 504 2567 miro
520 2505 598 2588 quod
615 2507 725 2567 honore
750 2505 876 2581 colebat,

133 2588 302 2651 Velleribus
317 2591 410 2652 niveis
426 2598 457 2652 et
472 2592 548 2653 festa
562 2590 667 2653 fronde
689 2591 872 2651 revinctum:

103 2724 105 2729 .
132 2673 212 2735 Hinc
229 2675 364 2736 exaudiri
379 2696 466 2737 voees
481 2682 513 2737 et
527 2677 618 2737 verba
639 2676 772 2738 vocantis
892 2725 895 2730 .

132 2757 208 2820 Visa
222 2760 287 2837 viri,
302 2781 361 2822 nox
372 2782 463 2842 quum
478 2767 574 2823 terras
589 2762 714 2823 obscura
726 2765 843 2822 teneret
856 2779 864 2835 ;

134 2842 261 2926 Solaque
278 2846 452 2908 culminibus
467 2846 552 2907 ferali
568 2847 698 2907 carmine
713 2846 792 2907 bubo

133 2926 230 3012 Saepe
246 2931 341 3012 queri,
358 2937 389 2992 et
403 2932 505 3012 longas
519 2932 551 2992 in
565 2933 667 2992 fletum
689 2931 799 2992 ducere
817 2950 915 2991 voces.

130 3013 287 3096 Multaque
303 3022 461 3097 praetcrea
474 3023 576 3078 vatum
591 3017 746 3099 praedicta
760 3015 876 3099 piorum

131 3099 266 3161 Terribili
277 3101 390 3162 monitu
403 3101 584 3163 horrificant.
630 3102 705 3183 Agit
719 3102 782 3184 ipse
797 3101 948 3162 furentem

129 3183 168 3244 In
183 3185 290 3247 somnis
305 3186 387 3248 ferus
402 3186 542 3249 Aeneas:
567 3208 742 3269 semperque
758 3186 887 3268 relinqui
999 3214 1002 3218 “

132 3267 202 3331 Sola
217 3270 282 3348 sibi,
294 3293 411 3352 semper
425 3273 543 3353 longam
560 3273 731 3335 incomitata
745 3272 865 3333 videtur

130 3354 180 3416 Ire
195 3356 284 3430 viam,
300 3362 332 3417 et
346 3357 451 3439 Tyrios
467 3358 586 3420 deserta
600 3379 745 3440 quaerere
761 3363 852 3419 terra.

130 3440 329 3503 Eumenidum
344 3442 437 3503 veluti
452 3443 574 3504 demens
589 3443 671 3505 videt
685 3443 804 3524 agmina
826 3442 991 3520 Pentheus,

130 3524 171 3587 Et
185 3527 277 3588 solem
293 3527 453 3608 geminum,
471 3535 501 3589 et
516 3528 649 3610 duplices
664 3551 696 3590 se
712 3528 868 3590 ostendere
885 3528 1002 3592 Thebas
1016 3548 1025 3605 3

128 3610 195 3672 Aut
209 3611 464 3693 Agamemnonius
479 3614 574 3675 scenis
590 3614 719 3694 agitatus
741 3612 876 3690 Orestes,

128 3694 286 3758 Armatam
300 3698 413 3760 facibus
428 3706 555 3761 matrem
570 3706 601 3761 et
615 3700 800 3781 serpentibus
816 3699 889 3761 atris

129 3778 228 3853 Quum
242 3782 331 3865 fugit,
346 3784 527 3867 ultricesque
543 3784 649 3846 sedent
663 3785 694 3846 in
711 3785 811 3846 limine
833 3784 937 3848 Dirae.
