<?xml version="1.0" encoding="UTF-8"?>
<!DOCTYPE html PUBLIC "-//W3C//DTD XHTML 1.0 Transitional//EN"
    "http://www.w3.org/TR/xhtml1/DTD/xhtml1-transitional.dtd">
<html xmlns="http://www.w3.org/1999/xhtml" xml:lang="en" lang="en">
 <head>
  <title>
</title>
<meta http-equiv="Content-Type" content="text/html;charset=utf-8" />
  <meta name='ocr-system' content='tesseract 3.04.00' />
  <meta name='ocr-capabilities' content='ocr_page ocr_carea ocr_par ocr_line ocrx_word'/>
</head>
<body>
  <div class='ocr_page' id='page_1' title='image "./bucolicsgeorgic00virggoog/bucolicsgeorgic00virggoog_0299.png"; bbox 0 0 2496 4334; ppageno 0'>
   <div class='ocr_carea' id='block_1_1' title="bbox 145 272 843 350">
    <p class='ocr_par' dir='ltr' id='par_1_1' title="bbox 145 272 843 350">
     <span class='ocr_line' id='line_1_1' title="bbox 145 272 843 350; baseline -0.004 0"><span class='ocrx_word' id='word_1_1' title='bbox 145 285 208 350; x_wconf 81' lang='lat'>288</span> <span class='ocrx_word' id='word_1_2' title='bbox 397 272 399 277; x_wconf 62' lang='grc'><strong>’</strong></span> <span class='ocrx_word' id='word_1_3' title='bbox 487 304 516 348; x_wconf 80' lang='lat' dir='ltr'>r.</span> <span class='ocrx_word' id='word_1_4' title='bbox 540 301 682 349; x_wconf 83' lang='lat' dir='ltr'>vmmmr</span> <span class='ocrx_word' id='word_1_5' title='bbox 699 300 843 348; x_wconf 77' lang='lat' dir='ltr'>unacum</span> 
     </span>
    </p>
   </div>
   <div class='ocr_carea' id='block_1_2' title="bbox 142 451 952 791">
    <p class='ocr_par' dir='ltr' id='par_1_2' title="bbox 142 451 952 791">
     <span class='ocr_line' id='line_1_2' title="bbox 143 451 867 538; baseline -0.006 -20"><span class='ocrx_word' id='word_1_6' title='bbox 143 454 293 538; x_wconf 88' lang='lat' dir='ltr'>Hospitia,</span> <span class='ocrx_word' id='word_1_7' title='bbox 310 459 341 516; x_wconf 91' lang='lat' dir='ltr'>et</span> <span class='ocrx_word' id='word_1_8' title='bbox 357 453 450 516; x_wconf 79' lang='lat' dir='ltr'>Turni</span> <span class='ocrx_word' id='word_1_9' title='bbox 464 454 561 537; x_wconf 83' lang='lat' dir='ltr'>potius</span> <span class='ocrx_word' id='word_1_10' title='bbox 577 474 609 516; x_wconf 93' lang='lat' dir='ltr'>se</span> <span class='ocrx_word' id='word_1_11' title='bbox 625 452 753 516; x_wconf 87' lang='lat' dir='ltr'>credidit</span> <span class='ocrx_word' id='word_1_12' title='bbox 768 451 867 516; x_wconf 88' lang='lat' dir='ltr'>armis.</span> 
     </span>
     <span class='ocr_line' id='line_1_3' title="bbox 143 537 952 621; baseline -0.005 -19"><span class='ocrx_word' id='word_1_13' title='bbox 143 540 281 621; x_wconf 85' lang='lat' dir='ltr'>Aequius</span> <span class='ocrx_word' id='word_1_14' title='bbox 295 539 364 602; x_wconf 92' lang='lat' dir='ltr'>huic</span> <span class='ocrx_word' id='word_1_15' title='bbox 380 540 514 601; x_wconf 77' lang='lat' dir='ltr'>Turnum</span> <span class='ocrx_word' id='word_1_16' title='bbox 529 540 629 600; x_wconf 87' lang='lat' dir='ltr'>fuerat</span> <span class='ocrx_word' id='word_1_17' title='bbox 643 558 675 600; x_wconf 91' lang='lat' dir='ltr'>se</span> <span class='ocrx_word' id='word_1_18' title='bbox 691 558 838 619; x_wconf 91' lang='lat' dir='ltr'>opponere</span> <span class='ocrx_word' id='word_1_19' title='bbox 853 537 952 600; x_wconf 88' lang='lat' dir='ltr'>morti.</span> 
     </span>
     <span class='ocr_line' id='line_1_4' title="bbox 145 622 833 706; baseline -0.004 -19"><span class='ocrx_word' id='word_1_20' title='bbox 145 623 177 687; x_wconf 85' lang='lat' dir='ltr'>Si</span> <span class='ocrx_word' id='word_1_21' title='bbox 192 625 303 685; x_wconf 92' lang='lat' dir='ltr'>bellum</span> <span class='ocrx_word' id='word_1_22' title='bbox 316 624 401 686; x_wconf 90' lang='lat' dir='ltr'>finire</span> <span class='ocrx_word' id='word_1_23' title='bbox 416 644 517 702; x_wconf 90' lang='lat' dir='ltr'>manu,</span> <span class='ocrx_word' id='word_1_24' title='bbox 533 624 558 685; x_wconf 92' lang='lat' dir='ltr'>si</span> <span class='ocrx_word' id='word_1_25' title='bbox 573 625 685 706; x_wconf 92' lang='lat' dir='ltr'>pellere</span> <span class='ocrx_word' id='word_1_26' title='bbox 701 622 833 684; x_wconf 81' lang='lat' dir='ltr'>Teucros</span> 
     </span>
     <span class='ocr_line' id='line_1_5' title="bbox 142 705 913 791; baseline -0.004 -21"><span class='ocrx_word' id='word_1_27' title='bbox 142 709 301 791; x_wconf 87' lang='lat' dir='ltr'>Apparat:</span> <span class='ocrx_word' id='word_1_28' title='bbox 324 708 370 770; x_wconf 90' lang='lat' dir='ltr'>his</span> <span class='ocrx_word' id='word_1_29' title='bbox 384 728 502 770; x_wconf 89' lang='lat' dir='ltr'>mecum</span> <span class='ocrx_word' id='word_1_30' title='bbox 516 708 618 770; x_wconf 81' lang='lat' dir='ltr'>decuit</span> <span class='ocrx_word' id='word_1_31' title='bbox 632 727 809 769; x_wconf 88' lang='lat' dir='ltr'>concurrere</span> <span class='ocrx_word' id='word_1_32' title='bbox 825 705 891 767; x_wconf 89' lang='lat' dir='ltr'>telis</span> <span class='ocrx_word' id='word_1_33' title='bbox 904 725 913 782; x_wconf 90' lang='lat'>;</span> 
     </span>
    </p>
   </div>
   <div class='ocr_carea' id='block_1_3' title="bbox 19 790 923 870">
    <p class='ocr_par' dir='ltr' id='par_1_3' title="bbox 19 790 923 870">
     <span class='ocr_line' id='line_1_6' title="bbox 19 790 923 870; baseline -0.006 -13"><span class='ocrx_word' id='word_1_34' title='bbox 19 845 26 857; x_wconf 66' lang='lat'>„</span> <span class='ocrx_word' id='word_1_35' title='bbox 143 791 247 870; x_wconf 88' lang='lat' dir='ltr'>Vixet,</span> <span class='ocrx_word' id='word_1_36' title='bbox 264 792 312 855; x_wconf 90' lang='lat' dir='ltr'>cui</span> <span class='ocrx_word' id='word_1_37' title='bbox 326 792 418 854; x_wconf 85' lang='lat' dir='ltr'>vitam</span> <span class='ocrx_word' id='word_1_38' title='bbox 433 792 507 855; x_wconf 90' lang='lat' dir='ltr'>deus</span> <span class='ocrx_word' id='word_1_39' title='bbox 522 798 575 855; x_wconf 90' lang='lat' dir='ltr'>aut</span> <span class='ocrx_word' id='word_1_40' title='bbox 589 812 644 854; x_wconf 90' lang='lat' dir='ltr'>sua</span> <span class='ocrx_word' id='word_1_41' title='bbox 659 791 767 852; x_wconf 85' lang='lat' dir='ltr'>dextra</span> <span class='ocrx_word' id='word_1_42' title='bbox 781 790 923 853; x_wconf 76' lang='lat' dir='ltr'>dedisset.</span> 
     </span>
    </p>
   </div>
   <div class='ocr_carea' id='block_1_4' title="bbox 115 874 996 3482">
    <p class='ocr_par' dir='ltr' id='par_1_4' title="bbox 115 874 996 3482">
     <span class='ocr_line' id='line_1_7' title="bbox 143 874 893 959; baseline -0.003 -22"><span class='ocrx_word' id='word_1_43' title='bbox 143 875 234 939; x_wconf 89' lang='lat' dir='ltr'>Nunc</span> <span class='ocrx_word' id='word_1_44' title='bbox 249 877 290 938; x_wconf 90' lang='lat' dir='ltr'>ite</span> <span class='ocrx_word' id='word_1_45' title='bbox 307 883 338 938; x_wconf 93' lang='lat' dir='ltr'>et</span> <span class='ocrx_word' id='word_1_46' title='bbox 351 877 467 939; x_wconf 83' lang='lat' dir='ltr'>miseris</span> <span class='ocrx_word' id='word_1_47' title='bbox 482 877 638 959; x_wconf 75' lang='lat' dir='ltr'>supponite</span> <span class='ocrx_word' id='word_1_48' title='bbox 654 875 767 937; x_wconf 83' lang='lat' dir='ltr'>civibus</span> <span class='ocrx_word' id='word_1_49' title='bbox 783 874 893 956; x_wconf 86' lang='lat' dir='ltr'><strong>ignem.</strong></span> 
     </span>
     <span class='ocr_line' id='line_1_8' title="bbox 143 960 843 1042; baseline -0.003 -20"><span class='ocrx_word' id='word_1_50' title='bbox 143 960 270 1024; x_wconf 76' lang='lat' dir='ltr'>Dixerat</span> <span class='ocrx_word' id='word_1_51' title='bbox 284 961 407 1024; x_wconf 81' lang='lat' dir='ltr'>Aeneas</span> <span class='ocrx_word' id='word_1_52' title='bbox 422 981 430 1036; x_wconf 92' lang='grc'><strong>;</strong></span> <span class='ocrx_word' id='word_1_53' title='bbox 452 962 502 1024; x_wconf 89' lang='lat' dir='ltr'>olli</span> <span class='ocrx_word' id='word_1_54' title='bbox 516 962 695 1042; x_wconf 85' lang='lat' dir='ltr'>obstupuere</span> <span class='ocrx_word' id='word_1_55' title='bbox 711 960 843 1037; x_wconf 88' lang='lat' dir='ltr'>silentes,</span> 
     </span>
     <span class='ocr_line' id='line_1_9' title="bbox 145 1043 943 1127; baseline -0.003 -21"><span class='ocrx_word' id='word_1_56' title='bbox 145 1043 346 1127; x_wconf 79' lang='lat' dir='ltr'>Conversique</span> <span class='ocrx_word' id='word_1_57' title='bbox 361 1047 462 1108; x_wconf 90' lang='lat' dir='ltr'>oculos</span> <span class='ocrx_word' id='word_1_58' title='bbox 477 1045 555 1108; x_wconf 91' lang='lat' dir='ltr'>inter</span> <span class='ocrx_word' id='word_1_59' title='bbox 570 1066 602 1107; x_wconf 91' lang='lat' dir='ltr'>se</span> <span class='ocrx_word' id='word_1_60' title='bbox 618 1050 708 1125; x_wconf 82' lang='lat' dir='ltr'>atque</span> <span class='ocrx_word' id='word_1_61' title='bbox 723 1065 776 1106; x_wconf 88' lang='lat' dir='ltr'>ora</span> <span class='ocrx_word' id='word_1_62' title='bbox 790 1043 943 1105; x_wconf 87' lang='lat' dir='ltr'>tenebant.</span> 
     </span>
     <span class='ocr_line' id='line_1_10' title="bbox 144 1127 951 1212; baseline -0.001 -22"><span class='ocrx_word' id='word_1_63' title='bbox 144 1129 221 1190; x_wconf 79' lang='lat' dir='ltr'>Tum</span> <span class='ocrx_word' id='word_1_64' title='bbox 235 1130 333 1191; x_wconf 89' lang='lat' dir='ltr'>senior</span> <span class='ocrx_word' id='word_1_65' title='bbox 349 1151 525 1212; x_wconf 86' lang='lat' dir='ltr'>semperque</span> <span class='ocrx_word' id='word_1_66' title='bbox 540 1130 614 1192; x_wconf 91' lang='lat' dir='ltr'>odiis</span> <span class='ocrx_word' id='word_1_67' title='bbox 631 1135 662 1190; x_wconf 91' lang='lat' dir='ltr'>et</span> <span class='ocrx_word' id='word_1_68' title='bbox 677 1128 798 1190; x_wconf 90' lang='lat' dir='ltr'>crimine</span> <span class='ocrx_word' id='word_1_69' title='bbox 813 1127 951 1189; x_wconf 81' lang='lat' dir='ltr'>Drances</span> 
     </span>
     <span class='ocr_line' id='line_1_11' title="bbox 143 1212 779 1296; baseline -0.002 -22"><span class='ocrx_word' id='word_1_70' title='bbox 143 1213 284 1276; x_wconf 87' lang='lat' dir='ltr'>Infensus</span> <span class='ocrx_word' id='word_1_71' title='bbox 292 1214 397 1296; x_wconf 86' lang='lat' dir='ltr'>juveni</span> <span class='ocrx_word' id='word_1_72' title='bbox 412 1214 512 1276; x_wconf 77' lang='lat' dir='ltr'>Turno</span> <span class='ocrx_word' id='word_1_73' title='bbox 528 1215 569 1276; x_wconf 91' lang='lat' dir='ltr'>sic</span> <span class='ocrx_word' id='word_1_74' title='bbox 585 1234 635 1275; x_wconf 88' lang='lat' dir='ltr'>ore</span> <span class='ocrx_word' id='word_1_75' title='bbox 652 1212 779 1274; x_wconf 89' lang='lat' dir='ltr'>vicissim</span> 
     </span>
     <span class='ocr_line' id='line_1_12' title="bbox 115 1294 909 1379; baseline -0.005 -19"><span class='ocrx_word' id='word_1_76' title='bbox 115 1311 118 1315; x_wconf 79' lang='grc'>’</span> <span class='ocrx_word' id='word_1_77' title='bbox 145 1297 223 1360; x_wconf 88' lang='lat' dir='ltr'>Orsa</span> <span class='ocrx_word' id='word_1_78' title='bbox 235 1298 349 1360; x_wconf 88' lang='lat' dir='ltr'>refert:</span> <span class='ocrx_word' id='word_1_79' title='bbox 375 1297 401 1360; x_wconf 91' lang='grc' dir='ltr'><strong>Ο</strong></span> <span class='ocrx_word' id='word_1_80' title='bbox 418 1298 497 1360; x_wconf 85' lang='lat' dir='ltr'>fama</span> <span class='ocrx_word' id='word_1_81' title='bbox 510 1298 627 1379; x_wconf 89' lang='lat' dir='ltr'>ingens,</span> <span class='ocrx_word' id='word_1_82' title='bbox 643 1296 792 1378; x_wconf 83' lang='lat' dir='ltr'>ingentior</span> <span class='ocrx_word' id='word_1_83' title='bbox 808 1294 909 1374; x_wconf 87' lang='lat' dir='ltr'>armis,</span> 
     </span>
     <span class='ocr_line' id='line_1_13' title="bbox 144 1377 938 1466; baseline -0.006 -20"><span class='ocrx_word' id='word_1_84' title='bbox 144 1382 203 1447; x_wconf 86' lang='lat' dir='ltr'>Vir</span> <span class='ocrx_word' id='word_1_85' title='bbox 217 1383 355 1466; x_wconf 79' lang='lat' dir='ltr'>Trojano,</span> <span class='ocrx_word' id='word_1_86' title='bbox 371 1381 477 1464; x_wconf 92' lang='lat' dir='ltr'>quibus</span> <span class='ocrx_word' id='word_1_87' title='bbox 492 1383 573 1444; x_wconf 92' lang='lat' dir='ltr'>coelo</span> <span class='ocrx_word' id='word_1_88' title='bbox 589 1389 619 1443; x_wconf 87' lang='lat' dir='ltr'>te</span> <span class='ocrx_word' id='word_1_89' title='bbox 633 1381 771 1443; x_wconf 91' lang='lat' dir='ltr'>laudibus</span> <span class='ocrx_word' id='word_1_90' title='bbox 786 1377 938 1461; x_wconf 74' lang='lat' dir='ltr'>aequem?</span> 
     </span>
     <span class='ocr_line' id='line_1_14' title="bbox 143 1462 824 1549; baseline -0.006 -20"><span class='ocrx_word' id='word_1_91' title='bbox 143 1466 165 1529; x_wconf 92' lang='lat' dir='ltr'><strong>J</strong></span> <span class='ocrx_word' id='word_1_92' title='bbox 166 1467 324 1529; x_wconf 90' lang='lat' dir='ltr'>ustitiaene</span> <span class='ocrx_word' id='word_1_93' title='bbox 339 1466 421 1549; x_wconf 88' lang='lat' dir='ltr'>prius</span> <span class='ocrx_word' id='word_1_94' title='bbox 435 1467 527 1529; x_wconf 89' lang='lat' dir='ltr'>mirer</span> <span class='ocrx_word' id='word_1_95' title='bbox 540 1466 649 1528; x_wconf 89' lang='lat' dir='ltr'>belline</span> <span class='ocrx_word' id='word_1_96' title='bbox 664 1462 824 1527; x_wconf 83' lang='lat' dir='ltr'>laborum?</span> 
     </span>
     <span class='ocr_line' id='line_1_15' title="bbox 144 1546 987 1633; baseline -0.004 -21"><span class='ocrx_word' id='word_1_97' title='bbox 144 1550 176 1612; x_wconf 91' lang='lat' dir='ltr'>N</span> <span class='ocrx_word' id='word_1_98' title='bbox 177 1572 209 1614; x_wconf 91' lang='lat' dir='ltr'>os</span> <span class='ocrx_word' id='word_1_99' title='bbox 223 1572 295 1614; x_wconf 83' lang='lat' dir='ltr'>vero</span> <span class='ocrx_word' id='word_1_100' title='bbox 309 1551 384 1613; x_wconf 90' lang='lat' dir='ltr'>haec</span> <span class='ocrx_word' id='word_1_101' title='bbox 399 1552 526 1633; x_wconf 91' lang='lat' dir='ltr'>patriam</span> <span class='ocrx_word' id='word_1_102' title='bbox 541 1551 619 1631; x_wconf 90' lang='lat' dir='ltr'>grati</span> <span class='ocrx_word' id='word_1_103' title='bbox 633 1551 799 1612; x_wconf 89' lang='lat' dir='ltr'>referemus</span> <span class='ocrx_word' id='word_1_104' title='bbox 814 1547 853 1609; x_wconf 90' lang='lat' dir='ltr'>ad</span> <span class='ocrx_word' id='word_1_105' title='bbox 870 1546 987 1626; x_wconf 87' lang='lat' dir='ltr'>urbem,</span> 
     </span>
     <span class='ocr_line' id='line_1_16' title="bbox 144 1632 848 1717; baseline -0.004 -21"><span class='ocrx_word' id='word_1_106' title='bbox 144 1635 186 1696; x_wconf 89' lang='lat' dir='ltr'>Et</span> <span class='ocrx_word' id='word_1_107' title='bbox 200 1642 242 1713; x_wconf 89' lang='lat' dir='ltr'>te,</span> <span class='ocrx_word' id='word_1_108' title='bbox 257 1635 282 1696; x_wconf 91' lang='lat' dir='ltr'>si</span> <span class='ocrx_word' id='word_1_109' title='bbox 297 1655 357 1717; x_wconf 92' lang='lat' dir='ltr'>qua</span> <span class='ocrx_word' id='word_1_110' title='bbox 372 1635 449 1696; x_wconf 91' lang='lat' dir='ltr'>viam</span> <span class='ocrx_word' id='word_1_111' title='bbox 464 1635 581 1697; x_wconf 89' lang='lat' dir='ltr'>dederit</span> <span class='ocrx_word' id='word_1_112' title='bbox 594 1635 725 1711; x_wconf 89' lang='lat' dir='ltr'>fortuna,</span> <span class='ocrx_word' id='word_1_113' title='bbox 740 1632 848 1694; x_wconf 87' lang='lat' dir='ltr'>Latino</span> 
     </span>
     <span class='ocr_line' id='line_1_17' title="bbox 143 1717 911 1804; baseline -0.005 -23"><span class='ocrx_word' id='word_1_114' title='bbox 143 1718 165 1781; x_wconf 92' lang='lat' dir='ltr'><strong>J</strong></span> <span class='ocrx_word' id='word_1_115' title='bbox 166 1740 312 1801; x_wconf 88' lang='lat' dir='ltr'>ungemus</span> <span class='ocrx_word' id='word_1_116' title='bbox 326 1719 412 1801; x_wconf 82' lang='lat' dir='ltr'>regi3</span> <span class='ocrx_word' id='word_1_117' title='bbox 435 1726 561 1802; x_wconf 89' lang='lat' dir='ltr'>quaerat</span> <span class='ocrx_word' id='word_1_118' title='bbox 576 1719 631 1782; x_wconf 86' lang='lat' dir='ltr'>sibi</span> <span class='ocrx_word' id='word_1_119' title='bbox 644 1719 767 1804; x_wconf 85' lang='lat' dir='ltr'>foedera</span> <span class='ocrx_word' id='word_1_120' title='bbox 781 1717 911 1778; x_wconf 81' lang='lat' dir='ltr'>Tmnus.</span> 
     </span>
     <span class='ocr_line' id='line_1_18' title="bbox 144 1801 831 1879; baseline -0.001 -15"><span class='ocrx_word' id='word_1_121' title='bbox 144 1801 224 1876; x_wconf 83' lang='lat' dir='ltr'>Quin</span> <span class='ocrx_word' id='word_1_122' title='bbox 239 1810 271 1865; x_wconf 93' lang='lat' dir='ltr'>et</span> <span class='ocrx_word' id='word_1_123' title='bbox 283 1804 390 1866; x_wconf 76' lang='lat' dir='ltr'>fatales</span> <span class='ocrx_word' id='word_1_124' title='bbox 404 1824 556 1867; x_wconf 88' lang='lat' dir='ltr'>murorum</span> <span class='ocrx_word' id='word_1_125' title='bbox 572 1805 708 1866; x_wconf 85' lang='lat' dir='ltr'>attollere</span> <span class='ocrx_word' id='word_1_126' title='bbox 726 1802 831 1879; x_wconf 89' lang='lat' dir='ltr'>moles,</span> 
     </span>
     <span class='ocr_line' id='line_1_19' title="bbox 145 1884 900 1971; baseline -0.007 -21"><span class='ocrx_word' id='word_1_127' title='bbox 145 1885 284 1969; x_wconf 81' lang='lat' dir='ltr'>Saxaque</span> <span class='ocrx_word' id='word_1_128' title='bbox 299 1887 474 1950; x_wconf 85' lang='lat' dir='ltr'>subvectare</span> <span class='ocrx_word' id='word_1_129' title='bbox 489 1888 620 1950; x_wconf 90' lang='lat' dir='ltr'>humeris</span> <span class='ocrx_word' id='word_1_130' title='bbox 635 1887 763 1971; x_wconf 78' lang='lat' dir='ltr'>Trojana</span> <span class='ocrx_word' id='word_1_131' title='bbox 773 1884 900 1968; x_wconf 81' lang='lat' dir='ltr'>juvabit.</span> 
     </span>
     <span class='ocr_line' id='line_1_20' title="bbox 142 1967 996 2055; baseline -0.004 -22"><span class='ocrx_word' id='word_1_132' title='bbox 142 1970 270 2034; x_wconf 88' lang='lat' dir='ltr'>Dixerat</span> <span class='ocrx_word' id='word_1_133' title='bbox 283 1972 369 2050; x_wconf 90' lang='lat' dir='ltr'>haec,</span> <span class='ocrx_word' id='word_1_134' title='bbox 384 1993 502 2055; x_wconf 87' lang='lat' dir='ltr'>unoquo</span> <span class='ocrx_word' id='word_1_135' title='bbox 515 1993 617 2036; x_wconf 89' lang='lat' dir='ltr'>omnes</span> <span class='ocrx_word' id='word_1_136' title='bbox 632 1972 738 2034; x_wconf 89' lang='lat' dir='ltr'>eadem</span> <span class='ocrx_word' id='word_1_137' title='bbox 752 1990 803 2032; x_wconf 87' lang='lat' dir='ltr'>ore</span> <span class='ocrx_word' id='word_1_138' title='bbox 818 1967 996 2032; x_wconf 81' lang='lat' dir='ltr'>fremebant.</span> 
     </span>
     <span class='ocr_line' id='line_1_21' title="bbox 142 2054 849 2139; baseline -0.001 -22"><span class='ocrx_word' id='word_1_139' title='bbox 142 2054 196 2118; x_wconf 92' lang='lat' dir='ltr'>Bis</span> <span class='ocrx_word' id='word_1_140' title='bbox 210 2076 296 2119; x_wconf 89' lang='lat' dir='ltr'>senos</span> <span class='ocrx_word' id='word_1_141' title='bbox 311 2056 452 2138; x_wconf 85' lang='lat' dir='ltr'>pepigere</span> <span class='ocrx_word' id='word_1_142' title='bbox 468 2057 544 2136; x_wconf 91' lang='lat' dir='ltr'>dies,</span> <span class='ocrx_word' id='word_1_143' title='bbox 556 2064 587 2120; x_wconf 88' lang='lat' dir='ltr'>et</span> <span class='ocrx_word' id='word_1_144' title='bbox 602 2077 675 2139; x_wconf 88' lang='lat' dir='ltr'>pace</span> <span class='ocrx_word' id='word_1_145' title='bbox 691 2061 849 2137; x_wconf 90' lang='lat' dir='ltr'>sequestra</span> 
     </span>
     <span class='ocr_line' id='line_1_22' title="bbox 142 2138 838 2223; baseline -0.004 -21"><span class='ocrx_word' id='word_1_146' title='bbox 142 2140 203 2202; x_wconf 91' lang='lat' dir='ltr'>Per</span> <span class='ocrx_word' id='word_1_147' title='bbox 217 2141 306 2203; x_wconf 87' lang='lat' dir='ltr'>silvas</span> <span class='ocrx_word' id='word_1_148' title='bbox 320 2140 429 2203; x_wconf 79' lang='lat' dir='ltr'>Teucri</span> <span class='ocrx_word' id='word_1_149' title='bbox 442 2143 586 2223; x_wconf 90' lang='lat' dir='ltr'>mixtique</span> <span class='ocrx_word' id='word_1_150' title='bbox 600 2142 722 2223; x_wconf 88' lang='lat' dir='ltr'>impunc</span> <span class='ocrx_word' id='word_1_151' title='bbox 738 2138 838 2200; x_wconf 90' lang='lat' dir='ltr'>Latini</span> 
     </span>
     <span class='ocr_line' id='line_1_23' title="bbox 142 2222 844 2307; baseline -0.003 -21"><span class='ocrx_word' id='word_1_152' title='bbox 142 2223 291 2287; x_wconf 82' lang='lat' dir='ltr'>Erravere</span> <span class='ocrx_word' id='word_1_153' title='bbox 302 2225 394 2307; x_wconf 85' lang='lat' dir='ltr'>jugis.</span> <span class='ocrx_word' id='word_1_154' title='bbox 438 2226 532 2288; x_wconf 88' lang='lat' dir='ltr'>Ferro</span> <span class='ocrx_word' id='word_1_155' title='bbox 547 2230 633 2288; x_wconf 86' lang='lat' dir='ltr'>sonat</span> <span class='ocrx_word' id='word_1_156' title='bbox 648 2226 709 2287; x_wconf 88' lang='lat' dir='ltr'>alta</span> <span class='ocrx_word' id='word_1_157' title='bbox 722 2222 844 2306; x_wconf 90' lang='lat' dir='ltr'>bipenni</span> 
     </span>
     <span class='ocr_line' id='line_1_24' title="bbox 141 2307 858 2390; baseline -0.001 -21"><span class='ocrx_word' id='word_1_158' title='bbox 141 2308 288 2371; x_wconf 87' lang='lat' dir='ltr'>Fraxinus</span> <span class='ocrx_word' id='word_1_159' title='bbox 302 2328 310 2383; x_wconf 91' lang='lat'>;</span> <span class='ocrx_word' id='word_1_160' title='bbox 333 2314 473 2371; x_wconf 89' lang='lat' dir='ltr'>evertunt</span> <span class='ocrx_word' id='word_1_161' title='bbox 487 2315 570 2371; x_wconf 91' lang='lat' dir='ltr'>actas</span> <span class='ocrx_word' id='word_1_162' title='bbox 585 2309 624 2371; x_wconf 91' lang='lat' dir='ltr'>ad</span> <span class='ocrx_word' id='word_1_163' title='bbox 639 2308 738 2371; x_wconf 89' lang='lat' dir='ltr'>sidera</span> <span class='ocrx_word' id='word_1_164' title='bbox 752 2307 836 2390; x_wconf 92' lang='lat' dir='ltr'>pinos</span> <span class='ocrx_word' id='word_1_165' title='bbox 850 2325 858 2379; x_wconf 94' lang='lat'>;</span> 
     </span>
     <span class='ocr_line' id='line_1_25' title="bbox 141 2391 942 2468; baseline -0.004 -14"><span class='ocrx_word' id='word_1_166' title='bbox 141 2393 261 2456; x_wconf 88' lang='lat' dir='ltr'>Robora</span> <span class='ocrx_word' id='word_1_167' title='bbox 274 2414 330 2455; x_wconf 91' lang='lat' dir='ltr'>nec</span> <span class='ocrx_word' id='word_1_168' title='bbox 347 2394 449 2456; x_wconf 90' lang='lat' dir='ltr'>cuneis</span> <span class='ocrx_word' id='word_1_169' title='bbox 463 2403 495 2456; x_wconf 93' lang='lat' dir='ltr'>et</span> <span class='ocrx_word' id='word_1_170' title='bbox 509 2395 638 2456; x_wconf 89' lang='lat' dir='ltr'>olentem</span> <span class='ocrx_word' id='word_1_171' title='bbox 653 2393 789 2456; x_wconf 89' lang='lat' dir='ltr'>scindere</span> <span class='ocrx_word' id='word_1_172' title='bbox 807 2391 942 2468; x_wconf 91' lang='lat' dir='ltr'>cedrum,</span> 
     </span>
     <span class='ocr_line' id='line_1_26' title="bbox 141 2476 945 2560; baseline -0.005 -21"><span class='ocrx_word' id='word_1_173' title='bbox 141 2477 209 2539; x_wconf 90' lang='lat' dir='ltr'>Nec</span> <span class='ocrx_word' id='word_1_174' title='bbox 224 2478 363 2560; x_wconf 89' lang='lat' dir='ltr'>plaustris</span> <span class='ocrx_word' id='word_1_175' title='bbox 378 2484 496 2540; x_wconf 90' lang='lat' dir='ltr'>cessant</span> <span class='ocrx_word' id='word_1_176' title='bbox 510 2485 631 2540; x_wconf 89' lang='lat' dir='ltr'>vectare</span> <span class='ocrx_word' id='word_1_177' title='bbox 647 2476 833 2560; x_wconf 85' lang='lat' dir='ltr'>gementibus</span> <span class='ocrx_word' id='word_1_178' title='bbox 848 2495 945 2536; x_wconf 86' lang='lat' dir='ltr'>ornos.</span> 
     </span>
     <span class='ocr_line' id='line_1_27' title="bbox 184 2557 944 2645; baseline -0.004 -22"><span class='ocrx_word' id='word_1_179' title='bbox 184 2562 226 2623; x_wconf 85' lang='lat' dir='ltr'>Et</span> <span class='ocrx_word' id='word_1_180' title='bbox 235 2563 300 2644; x_wconf 89' lang='lat' dir='ltr'>jam</span> <span class='ocrx_word' id='word_1_181' title='bbox 314 2562 407 2625; x_wconf 86' lang='lat' dir='ltr'>Fama</span> <span class='ocrx_word' id='word_1_182' title='bbox 423 2563 534 2640; x_wconf 88' lang='lat' dir='ltr'>volans,</span> <span class='ocrx_word' id='word_1_183' title='bbox 550 2563 626 2624; x_wconf 86' lang='lat' dir='ltr'>tanti</span> <span class='ocrx_word' id='word_1_184' title='bbox 641 2560 820 2645; x_wconf 87' lang='lat' dir='ltr'>praenuntia</span> <span class='ocrx_word' id='word_1_185' title='bbox 833 2557 944 2637; x_wconf 91' lang='lat' dir='ltr'>luctus,</span> 
     </span>
     <span class='ocr_line' id='line_1_28' title="bbox 141 2645 936 2728; baseline -0.003 -22"><span class='ocrx_word' id='word_1_186' title='bbox 141 2645 315 2707; x_wconf 84' lang='lat' dir='ltr'>Evandrum</span> <span class='ocrx_word' id='word_1_187' title='bbox 328 2646 520 2728; x_wconf 85' lang='lat' dir='ltr'>Evandrique</span> <span class='ocrx_word' id='word_1_188' title='bbox 536 2647 637 2709; x_wconf 92' lang='lat' dir='ltr'>domos</span> <span class='ocrx_word' id='word_1_189' title='bbox 652 2652 683 2707; x_wconf 93' lang='lat' dir='ltr'>et</span> <span class='ocrx_word' id='word_1_190' title='bbox 697 2645 814 2707; x_wconf 89' lang='lat' dir='ltr'>moenia</span> <span class='ocrx_word' id='word_1_191' title='bbox 828 2645 936 2726; x_wconf 89' lang='lat' dir='ltr'>replet,</span> 
     </span>
     <span class='ocr_line' id='line_1_29' title="bbox 141 2727 876 2800; baseline -0.001 -10"><span class='ocrx_word' id='word_1_192' title='bbox 141 2727 226 2800; x_wconf 82' lang='lat' dir='ltr'>Quae</span> <span class='ocrx_word' id='word_1_193' title='bbox 241 2728 327 2791; x_wconf 92' lang='lat' dir='ltr'>modo</span> <span class='ocrx_word' id='word_1_194' title='bbox 338 2730 480 2793; x_wconf 89' lang='lat' dir='ltr'>victorem</span> <span class='ocrx_word' id='word_1_195' title='bbox 496 2730 582 2794; x_wconf 87' lang='lat' dir='ltr'>Latio</span> <span class='ocrx_word' id='word_1_196' title='bbox 597 2731 736 2792; x_wconf 89' lang='lat' dir='ltr'>Pallanta</span> <span class='ocrx_word' id='word_1_197' title='bbox 750 2728 876 2790; x_wconf 86' lang='lat' dir='ltr'>ferebat.</span> 
     </span>
     <span class='ocr_line' id='line_1_30' title="bbox 140 2813 891 2895; baseline 0 -21"><span class='ocrx_word' id='word_1_198' title='bbox 140 2813 277 2875; x_wconf 88' lang='lat' dir='ltr'>Arcades</span> <span class='ocrx_word' id='word_1_199' title='bbox 293 2813 332 2875; x_wconf 89' lang='lat' dir='ltr'>ad</span> <span class='ocrx_word' id='word_1_200' title='bbox 347 2821 446 2895; x_wconf 88' lang='lat' dir='ltr'>portas</span> <span class='ocrx_word' id='word_1_201' title='bbox 461 2836 561 2894; x_wconf 89' lang='lat' dir='ltr'>mere,</span> <span class='ocrx_word' id='word_1_202' title='bbox 577 2822 609 2877; x_wconf 92' lang='lat' dir='ltr'>et</span> <span class='ocrx_word' id='word_1_203' title='bbox 622 2815 659 2877; x_wconf 95' lang='lat' dir='ltr'>de</span> <span class='ocrx_word' id='word_1_204' title='bbox 675 2835 757 2876; x_wconf 92' lang='lat' dir='ltr'>more</span> <span class='ocrx_word' id='word_1_205' title='bbox 773 2819 891 2879; x_wconf 84' lang='lat' dir='ltr'>uetusto</span> 
     </span>
     <span class='ocr_line' id='line_1_31' title="bbox 140 2896 826 2980; baseline 0.001 -23"><span class='ocrx_word' id='word_1_206' title='bbox 140 2896 294 2959; x_wconf 86' lang='lat' dir='ltr'>Funereas</span> <span class='ocrx_word' id='word_1_207' title='bbox 309 2918 435 2980; x_wconf 89' lang='lat' dir='ltr'>rapuere</span> <span class='ocrx_word' id='word_1_208' title='bbox 451 2899 553 2960; x_wconf 89' lang='lat' dir='ltr'>faces:</span> <span class='ocrx_word' id='word_1_209' title='bbox 577 2901 660 2962; x_wconf 92' lang='lat' dir='ltr'>lucet</span> <span class='ocrx_word' id='word_1_210' title='bbox 676 2900 725 2961; x_wconf 89' lang='lat' dir='ltr'>via</span> <span class='ocrx_word' id='word_1_211' title='bbox 738 2899 826 2978; x_wconf 91' lang='lat' dir='ltr'>longo</span> 
     </span>
     <span class='ocr_line' id='line_1_32' title="bbox 142 2979 898 3062; baseline 0 -21"><span class='ocrx_word' id='word_1_212' title='bbox 142 2979 255 3042; x_wconf 89' lang='lat' dir='ltr'>Ordine</span> <span class='ocrx_word' id='word_1_213' title='bbox 270 2983 464 3062; x_wconf 90' lang='lat' dir='ltr'>flammarum,</span> <span class='ocrx_word' id='word_1_214' title='bbox 481 2989 512 3044; x_wconf 89' lang='lat' dir='ltr'>et</span> <span class='ocrx_word' id='word_1_215' title='bbox 526 2984 585 3045; x_wconf 90' lang='lat' dir='ltr'>late</span> <span class='ocrx_word' id='word_1_216' title='bbox 602 2983 785 3046; x_wconf 87' lang='lat' dir='ltr'>discriminat</span> <span class='ocrx_word' id='word_1_217' title='bbox 800 3000 898 3061; x_wconf 90' lang='lat' dir='ltr'>agros.</span> 
     </span>
     <span class='ocr_line' id='line_1_33' title="bbox 142 3065 963 3151; baseline 0.001 -24"><span class='ocrx_word' id='word_1_218' title='bbox 142 3065 254 3127; x_wconf 84' lang='lat' dir='ltr'>Contra</span> <span class='ocrx_word' id='word_1_219' title='bbox 267 3067 356 3128; x_wconf 89' lang='lat' dir='ltr'>turba</span> <span class='ocrx_word' id='word_1_220' title='bbox 370 3067 526 3151; x_wconf 83' lang='lat' dir='ltr'>Phrygum</span> <span class='ocrx_word' id='word_1_221' title='bbox 541 3068 663 3130; x_wconf 88' lang='lat' dir='ltr'>veniens</span> <span class='ocrx_word' id='word_1_222' title='bbox 678 3066 852 3149; x_wconf 89' lang='lat' dir='ltr'>plangentia</span> <span class='ocrx_word' id='word_1_223' title='bbox 860 3065 963 3149; x_wconf 88' lang='lat' dir='ltr'>jungit</span> 
     </span>
     <span class='ocr_line' id='line_1_34' title="bbox 140 3148 994 3233; baseline 0.004 -24"><span class='ocrx_word' id='word_1_224' title='bbox 140 3148 282 3228; x_wconf 87' lang='lat' dir='ltr'>Agmina.</span> <span class='ocrx_word' id='word_1_225' title='bbox 328 3148 412 3221; x_wconf 86' lang='lat' dir='ltr'>Quae</span> <span class='ocrx_word' id='word_1_226' title='bbox 427 3159 585 3233; x_wconf 88' lang='lat' dir='ltr'>postquam</span> <span class='ocrx_word' id='word_1_227' title='bbox 599 3158 711 3213; x_wconf 89' lang='lat' dir='ltr'>matres</span> <span class='ocrx_word' id='word_1_228' title='bbox 726 3149 889 3212; x_wconf 85' lang='lat' dir='ltr'>succedere</span> <span class='ocrx_word' id='word_1_229' title='bbox 905 3151 994 3233; x_wconf 82' lang='lat' dir='ltr'>tectis</span> 
     </span>
     <span class='ocr_line' id='line_1_35' title="bbox 140 3232 960 3309; baseline 0.004 -16"><span class='ocrx_word' id='word_1_230' title='bbox 140 3232 303 3309; x_wconf 91' lang='lat' dir='ltr'>Viderunt,</span> <span class='ocrx_word' id='word_1_231' title='bbox 318 3241 462 3295; x_wconf 89' lang='lat' dir='ltr'>maestam</span> <span class='ocrx_word' id='word_1_232' title='bbox 474 3236 639 3297; x_wconf 92' lang='lat' dir='ltr'>incendunt</span> <span class='ocrx_word' id='word_1_233' title='bbox 654 3234 831 3296; x_wconf 88' lang='lat' dir='ltr'>clamoribus</span> <span class='ocrx_word' id='word_1_234' title='bbox 845 3232 960 3296; x_wconf 84' lang='lat' dir='ltr'>urbem.</span> 
     </span>
     <span class='ocr_line' id='line_1_36' title="bbox 140 3315 876 3400; baseline 0.001 -24"><span class='ocrx_word' id='word_1_235' title='bbox 140 3315 186 3376; x_wconf 75' lang='lat' dir='ltr'>Aa</span> <span class='ocrx_word' id='word_1_236' title='bbox 199 3337 258 3377; x_wconf 91' lang='lat' dir='ltr'>non</span> <span class='ocrx_word' id='word_1_237' title='bbox 273 3317 447 3378; x_wconf 87' lang='lat' dir='ltr'>Evandrum</span> <span class='ocrx_word' id='word_1_238' title='bbox 461 3320 537 3400; x_wconf 90' lang='lat' dir='ltr'>potis</span> <span class='ocrx_word' id='word_1_239' title='bbox 553 3327 600 3381; x_wconf 92' lang='lat' dir='ltr'>est</span> <span class='ocrx_word' id='word_1_240' title='bbox 614 3320 659 3380; x_wconf 88' lang='lat' dir='ltr'>vis</span> <span class='ocrx_word' id='word_1_241' title='bbox 674 3319 735 3379; x_wconf 92' lang='lat' dir='ltr'>ulla</span> <span class='ocrx_word' id='word_1_242' title='bbox 750 3325 853 3379; x_wconf 90' lang='lat' dir='ltr'>tenere</span> <span class='ocrx_word' id='word_1_243' title='bbox 867 3335 876 3391; x_wconf 89' lang='lat'>;</span> 
     </span>
     <span class='ocr_line' id='line_1_37' title="bbox 143 3398 940 3482; baseline 0.003 -20"><span class='ocrx_word' id='word_1_244' title='bbox 143 3398 204 3462; x_wconf 83' lang='lat' dir='ltr'>Sed</span> <span class='ocrx_word' id='word_1_245' title='bbox 219 3400 348 3469; x_wconf 86' lang='lat' dir='ltr'>venitin</span> <span class='ocrx_word' id='word_1_246' title='bbox 361 3401 483 3463; x_wconf 91' lang='lat' dir='ltr'>medios.</span> <span class='ocrx_word' id='word_1_247' title='bbox 527 3403 654 3465; x_wconf 87' lang='lat' dir='ltr'>Feretro</span> <span class='ocrx_word' id='word_1_248' title='bbox 669 3403 808 3464; x_wconf 90' lang='lat' dir='ltr'>Pallanta</span> <span class='ocrx_word' id='word_1_249' title='bbox 822 3407 940 3482; x_wconf 89' lang='lat' dir='ltr'>reposto</span> 
     </span>
    </p>
   </div>
   <div class='ocr_carea' id='block_1_5' title="bbox 1132 3088 1178 3135">
    <p class='ocr_par' dir='ltr' id='par_1_5' title="bbox 1132 3088 1178 3135">
     <span class='ocr_line' id='line_1_38' title="bbox 1132 3088 1178 3135; baseline 0 -1"><span class='ocrx_word' id='word_1_250' title='bbox 1132 3088 1178 3135; x_wconf 75' lang='lat'>145</span> 
     </span>
    </p>
   </div>
   <div class='ocr_carea' id='block_1_6' title="bbox 141 3484 1179 3569">
    <p class='ocr_par' dir='ltr' id='par_1_6' title="bbox 141 3484 1179 3569">
     <span class='ocr_line' id='line_1_39' title="bbox 141 3484 1179 3569; baseline 0.01 -24"><span class='ocrx_word' id='word_1_251' title='bbox 141 3484 305 3546; x_wconf 87' lang='lat' dir='ltr'>Procubuit</span> <span class='ocrx_word' id='word_1_252' title='bbox 320 3505 420 3566; x_wconf 89' lang='lat' dir='ltr'>super,</span> <span class='ocrx_word' id='word_1_253' title='bbox 436 3492 527 3566; x_wconf 91' lang='lat' dir='ltr'>atque</span> <span class='ocrx_word' id='word_1_254' title='bbox 542 3488 647 3550; x_wconf 88' lang='lat' dir='ltr'>haeret</span> <span class='ocrx_word' id='word_1_255' title='bbox 661 3487 891 3569; x_wconf 84' lang='lat' dir='ltr'>lacrymansque</span> <span class='ocrx_word' id='word_1_256' title='bbox 906 3507 1100 3568; x_wconf 88' lang='lat' dir='ltr'>gemensque,</span> <span class='ocrx_word' id='word_1_257' title='bbox 1132 3507 1179 3554; x_wconf 84' lang='lat'>150</span> 
     </span>
    </p>
   </div>
   <div class='ocr_carea' id='block_1_7' title="bbox 141 3567 916 3801">
    <p class='ocr_par' dir='ltr' id='par_1_7' title="bbox 141 3567 916 3801">
     <span class='ocr_line' id='line_1_40' title="bbox 141 3567 855 3633; baseline 0.001 -4"><span class='ocrx_word' id='word_1_258' title='bbox 141 3567 183 3629; x_wconf 85' lang='lat' dir='ltr'>Et</span> <span class='ocrx_word' id='word_1_259' title='bbox 197 3569 246 3630; x_wconf 89' lang='lat' dir='ltr'>via</span> <span class='ocrx_word' id='word_1_260' title='bbox 261 3569 309 3629; x_wconf 85' lang='lat' dir='ltr'>vix</span> <span class='ocrx_word' id='word_1_261' title='bbox 325 3568 445 3631; x_wconf 89' lang='lat' dir='ltr'>tandem</span> <span class='ocrx_word' id='word_1_262' title='bbox 460 3571 540 3632; x_wconf 87' lang='lat' dir='ltr'>vocis</span> <span class='ocrx_word' id='word_1_263' title='bbox 554 3573 655 3633; x_wconf 89' lang='lat' dir='ltr'>laxata</span> <span class='ocrx_word' id='word_1_264' title='bbox 670 3570 770 3632; x_wconf 93' lang='lat' dir='ltr'>dolore</span> <span class='ocrx_word' id='word_1_265' title='bbox 787 3576 833 3630; x_wconf 91' lang='lat' dir='ltr'>est</span> <span class='ocrx_word' id='word_1_266' title='bbox 848 3592 855 3630; x_wconf 74' lang='grc' dir='ltr'><strong>ε</strong></span> 
     </span>
     <span class='ocr_line' id='line_1_41' title="bbox 141 3650 916 3737; baseline 0.003 -25"><span class='ocrx_word' id='word_1_267' title='bbox 141 3650 211 3712; x_wconf 87' lang='grc' dir='ltr'><strong>Νο11</strong></span> <span class='ocrx_word' id='word_1_268' title='bbox 225 3653 312 3731; x_wconf 90' lang='lat' dir='ltr'>haec,</span> <span class='ocrx_word' id='word_1_269' title='bbox 328 3675 345 3714; x_wconf 92' lang='lat' dir='ltr'>o</span> <span class='ocrx_word' id='word_1_270' title='bbox 360 3654 599 3732; x_wconf 70' lang='lat' dir='ltr'>Palla,&#39;dederas</span> <span class='ocrx_word' id='word_1_271' title='bbox 615 3657 759 3737; x_wconf 89' lang='lat' dir='ltr'>promissa</span> <span class='ocrx_word' id='word_1_272' title='bbox 774 3655 891 3735; x_wconf 89' lang='lat' dir='ltr'>parenti</span> <span class='ocrx_word' id='word_1_273' title='bbox 907 3673 916 3729; x_wconf 90' lang='lat'>;</span> 
     </span>
     <span class='ocr_line' id='line_1_42' title="bbox 142 3734 842 3801; baseline 0.009 -6"><span class='ocrx_word' id='word_1_274' title='bbox 142 3734 266 3798; x_wconf 80' lang='lat' dir='ltr'>Cautius</span> <span class='ocrx_word' id='word_1_275' title='bbox 280 3744 315 3797; x_wconf 91' lang='lat' dir='ltr'>ut</span> <span class='ocrx_word' id='word_1_276' title='bbox 330 3758 421 3801; x_wconf 88' lang='lat' dir='ltr'>saevo</span> <span class='ocrx_word' id='word_1_277' title='bbox 436 3740 528 3801; x_wconf 87' lang='lat' dir='ltr'>velles</span> <span class='ocrx_word' id='word_1_278' title='bbox 543 3746 573 3801; x_wconf 93' lang='lat' dir='ltr'>te</span> <span class='ocrx_word' id='word_1_279' title='bbox 590 3740 714 3801; x_wconf 89' lang='lat' dir='ltr'>credere</span> <span class='ocrx_word' id='word_1_280' title='bbox 729 3737 842 3801; x_wconf 76' lang='lat' dir='ltr'>Marti!</span> 
     </span>
    </p>
   </div>
   <div class='ocr_carea' id='block_1_8' title="bbox 0 0 1252 4334">
    <p class='ocr_par' dir='ltr' id='par_1_8' title="bbox 0 0 1252 4334">
     <span class='ocr_line' id='line_1_43' title="bbox 0 0 1252 4334; baseline 0 0"><span class='ocrx_word' id='word_1_281' title='bbox 0 0 1252 4334; x_wconf 95' lang='lat' dir='ltr'> </span> 
     </span>
    </p>
   </div>
  </div>
 </body>
</html>
