2496 4334
455 278 637 332 ononorcon
662 287 727 332 me.
754 290 808 336 111.
934 318 940 325 .
1113 273 1154 335 63

112 437 210 503 Saevit
224 439 319 523 agris,
335 460 483 524 asperque
498 440 548 503 siti
564 447 655 524 atque
671 441 832 505 exterritus
847 447 945 506 aestu.

108 525 136 587 N
136 548 171 589 ec
187 527 261 588 mihi
276 533 343 588 tum
356 527 460 589 molles
476 526 531 590 sub
547 527 616 590 divo
631 548 756 610 carpere
771 549 899 608 somnos,
1105 553 1152 601 aar,

106 611 176 674 Neu
190 612 281 675 dorso
296 613 426 675 nemoris
440 613 533 676 libeat
543 613 675 697 jacuisse
690 634 745 696 per
759 613 880 692 herbas,

105 696 204 769 Quum
218 698 325 781 positis
339 719 434 760 novus
448 699 563 762 exuviis
576 698 748 780 nitidusque
759 699 888 782 juventa

103 782 257 862 Volvitur,
274 790 328 846 aut
343 785 457 847 catulos
471 785 560 847 tectis
576 791 629 847 aut
643 805 700 846 ova
713 785 898 867 relinquens,

101 869 229 932 Arduus
244 870 284 932 ad
299 870 402 949 solem,
419 877 451 932 et
464 871 574 954 linguis
588 871 680 932 micat
693 891 745 932 ore
760 870 900 933 trisulcis.

141 955 322 1018 Morborum
337 976 455 1039 quoque
472 963 502 1018 te
519 977 640 1019 caussas
657 963 688 1018 et
702 956 789 1038 signa
803 957 877 1019 doce
899 979 926 1019 o.

99 1041 210 1124 Turpis
225 1062 296 1104 oves
312 1048 411 1104 tentat
423 1042 551 1120 scabies,
564 1042 616 1104 ubi
630 1041 758 1123 frigidus
772 1042 867 1105 imber

99 1127 204 1190 Altius
220 1127 260 1190 ad
275 1127 376 1190 vivum
390 1129 525 1211 persedit
539 1135 571 1190 ct
584 1127 706 1190 horrida
720 1148 796 1190 cano

98 1213 217 1276 Bruma
239 1214 329 1296 gelu3
352 1216 401 1277 vel
415 1236 508 1298 quum
522 1215 615 1277 tonsis
630 1214 729 1276 illotus
745 1213 882 1278 adhaesit

101 1298 213 1377 Sudor,
230 1307 261 1362 et
275 1300 383 1363 hirsuti
396 1310 559 1364 secuenmt
574 1320 699 1383 corpora
713 1321 831 1383 vepres.

99 1385 249 1448 Dulcibus
264 1385 376 1448 idcirco
391 1387 488 1449 fluviis
504 1407 596 1470 pecus
611 1406 697 1448 omne
712 1386 848 1468 magistri

100 1470 306 1551 Perfimdunt,
320 1472 448 1556 udisque
463 1473 541 1536 aries
556 1472 587 1534 in
601 1472 722 1554 gurgite
737 1472 815 1535 villis

99 1555 267 1636 Mereatur,
282 1558 451 1641 missusque
466 1558 598 1621 secundo
614 1557 719 1620 defluit
733 1557 834 1634 amni;

99 1641 168 1705 Aut
182 1649 301 1706 tonsum
316 1644 395 1706 tristi
409 1645 587 1728 contingunt
601 1664 709 1727 corpus
724 1664 858 1724 amurca,

100 1727 142 1790 Et
157 1750 278 1811 spumas
292 1730 419 1793 miscent
433 1731 563 1814 argenti,
579 1736 611 1793 et
624 1729 741 1792 sulfura
754 1724 842 1809 viva,¹

99 1814 272 1898 Idaeasque
286 1815 381 1899 pices,
397 1823 429 1879 et
443 1818 569 1900 pingues
584 1815 717 1899 unguine
734 1836 830 1896 ceras,

101 1898 296 1986 scillamque,
312 1902 515 1986 elleborosque
531 1924 650 1986 graves,
665 1901 845 1984 nigrumque
859 1901 1005 1966 bitumen.

98 1985 172 2048 Non
185 1993 288 2049 tamen
302 1989 365 2050 ulla
378 1989 474 2071 magis
488 2009 630 2072 praesens
644 1989 766 2050 fortuna
779 1988 915 2051 laborum
930 1996 987 2071 est,

99 2070 198 2144 Quam
213 2073 238 2136 si
252 2074 320 2156 quis
334 2075 414 2136 ferro
428 2075 526 2159 potuit
540 2074 712 2138 rescindere
727 2095 876 2136 summum

100 2157 221 2221 Ulceris
243 2181 286 2222 os.
331 2159 435 2224 Alitur
450 2161 567 2240 vitium,
582 2161 715 2241 vivitque
732 2159 874 2241 tegendo,

97 2244 181 2306 Dum
196 2245 330 2309 medieas
345 2247 487 2309 adhibere
501 2268 608 2310 manus
623 2244 663 2308 ad
677 2246 803 2307 vulnera
817 2253 921 2329 pastor

96 2329 255 2412 Abnegat,
270 2338 324 2394 aut
337 2333 461 2395 meliora
476 2333 548 2396 deos
563 2331 650 2395 sedet
664 2331 762 2395 omina
776 2352 912 2415 poscens.

98 2414 180 2488 Quin
196 2418 298 2497 etiam,
313 2419 375 2481 ima
389 2418 473 2481 dolor
485 2419 639 2482 balantum
653 2418 755 2500 lapsus
772 2417 811 2478 ad
827 2439 893 2480 ossa

98 2501 201 2574 Quum
214 2503 299 2582 furit,
315 2511 406 2586 atque
422 2511 505 2567 artus
521 2504 695 2589 depascitur
710 2502 796 2566 arida
809 2504 913 2583 febris,

97 2588 219 2650 Profuit
233 2589 370 2652 incensos
386 2597 487 2653 aestus
503 2597 652 2667 avertere,
669 2596 700 2652 et
713 2590 793 2652 inter

97 2674 165 2737 Ima
179 2675 271 2737 ferire
286 2675 371 2759 pedis
386 2677 541 2739 salientem
555 2676 701 2758 sanguine
717 2695 845 2738 venam:

97 2761 232 2822 Bisaltae
249 2782 308 2843 quo
323 2783 405 2824 more
420 2764 526 2842 solent,
545 2783 675 2844 acerque
692 2760 837 2838 Gelonus,

98 2845 200 2918 Quum
214 2846 294 2928 fugit
308 2847 339 2908 in
355 2848 533 2931 Rhodopen,
549 2854 641 2930 atque
655 2847 688 2909 in
703 2847 824 2909 deserta
841 2842 999 2924 Getarum,

97 2933 140 2993 Et
154 2934 202 2994 lac
219 2940 392 2995 concretum
408 2956 476 2996 eum
491 2934 636 3016 sanguine
652 2938 737 3016 potat
752 2931 871 3015 equino.

141 3016 239 3090 Quam
253 3020 357 3100 procul
372 3026 425 3081 aut
438 3019 519 3081 molli
533 3018 699 3081 succedere
715 3019 833 3101 saepius
848 3017 971 3079 umbrae

97 3103 231 3181 Videris,
248 3111 301 3166 aut
316 3126 446 3167 summas
462 3111 636 3187 carpentem
650 3103 788 3186 ignavius
802 3101 923 3180 herbas,

97 3189 333 3272 Extremamque
348 3191 444 3272 sequi,
461 3197 514 3252 aut
528 3189 626 3252 medio
642 3188 839 3272 procumbere
855 3208 960 3271 eampo

96 3274 288 3352 Pascentem,
304 3283 336 3337 et
351 3297 436 3338 serae
453 3277 546 3338 solam
561 3275 711 3338 decedere
727 3274 829 3337 noeti:

97 3359 246 3422 Continuo
261 3362 380 3443 culpam
393 3363 474 3424 ferro
490 3382 657 3444 compesce,
672 3361 756 3443 prius
770 3381 862 3443 quam

96 3445 173 3508 Dira
189 3467 245 3528 per
260 3447 416 3509 incautum
431 3454 553 3530 serpant
569 3447 708 3528 contagia
722 3447 841 3530 vulgus.

96 3531 166 3594 Non
182 3539 244 3594 tam
260 3533 366 3595 creber
380 3554 474 3615 agens
488 3534 617 3595 hiemem
631 3533 692 3595 ruit
707 3553 836 3614 aequore
852 3530 951 3606 turbo,
1100 3550 1147 3597 470

96 3616 193 3689 Quam
207 3619 320 3680 multae
337 3619 487 3701 pecudum
502 3624 613 3702 pestes.
658 3618 690 3680 N
692 3639 726 3681 eo
742 3618 860 3699 singula
874 3615 969 3678 morbi

97 3702 230 3786 Corpora
245 3703 410 3787 corripiunt
423 3725 431 3780 3
454 3705 507 3767 sed
522 3711 587 3768 tota
602 3705 716 3767 aestiva
730 3708 867 3786 repente,

98 3787 249 3874 Spemque
265 3811 450 3874 gregemque
465 3791 564 3870 simul,
580 3797 780 3872 cunctamque
797 3787 834 3851 ab
850 3786 963 3870 origine
981 3793 1113 3868 gentem.
