2496 4334
419 280 580 328 nummos
602 282 668 328 LIB-
690 281 724 328 X.

63 432 125 495 Per
139 432 205 514 pice
221 438 368 496 torrentes
383 438 508 515 atraque
524 434 665 517 voragine
680 434 760 518 ripas

62 516 193 595 Adnuit,
209 523 240 580 et
254 525 349 580 totum
363 525 439 580 nutu
455 520 623 582 tremefecit
639 519 810 604 Olympum.

62 601 123 663 Hic
138 603 205 664 finis
220 602 302 664 fandi
316 623 324 678 ;
347 603 418 665 solio
433 609 497 665 tum
512 603 634 685 Jupiter
649 625 740 667 aureo

64 684 180 774 Surgit,
197 687 353 749 coelicolae
368 687 499 749 medium
514 709 604 770 quem
618 689 657 751 ad
673 690 774 751 limina
789 689 914 751 ducunt.

105 769 229 832 Interea
243 772 349 834 Rutuli
363 773 455 854 portis
471 773 584 834 circum
598 774 732 836 omnibus
745 774 859 836 instant

64 852 207 917 Sternere
224 856 316 918 caede
331 856 421 935 viros,
437 863 468 918 et
482 858 599 919 moenia
614 858 735 940 cingere
749 858 885 920 flammis.

61 937 107 1000 At
121 939 199 1021 legio
214 939 393 1002 Aeneadum
408 941 492 1003 vallis
507 942 626 1004 obsessa
641 948 780 1019 tenetur3

62 1023 131 1085 Nec
147 1045 215 1105 spes
230 1025 292 1086 ulla
305 1026 415 1106 fugae3
442 1025 543 1088 miseri
557 1034 638 1088 stant
653 1027 784 1089 turribus
798 1025 866 1090 altis

62 1107 286 1190 Nequidquam,
303 1116 334 1171 et
349 1130 417 1171 rara
430 1131 530 1172 muros
546 1111 665 1172 cinxere
682 1131 799 1173 corona.

61 1191 155 1254 Asius
170 1193 351 1256 Imbrasides
367 1194 623 1276 Hicetaoniusque
639 1195 819 1278 Thymoetes

60 1275 264 1358 Assaracique
280 1278 338 1339 duo
354 1284 385 1340 et
399 1279 497 1340 senior
512 1299 580 1340 cum
596 1278 719 1341 Castore
736 1279 894 1362 Thymbris

62 1359 164 1422 Prima
178 1362 279 1437 acies3
302 1364 355 1424 hos
371 1363 504 1443 germani
521 1361 701 1444 Sarpedonis
716 1365 801 1426 ambo

61 1443 104 1506 Et
119 1444 225 1508 Clarus
241 1453 272 1508 et
286 1446 420 1508 Themon
435 1445 530 1529 Lycia
544 1448 724 1510 comitantur
740 1449 777 1510 ab
790 1449 861 1511 alta.

61 1527 136 1590 Fert
150 1529 255 1612 ingens
272 1537 334 1593 toto
350 1531 492 1593 connixus
508 1553 630 1614 corpore
646 1554 762 1612 saxum,

61 1611 155 1675 Haud
170 1621 286 1696 partem
301 1615 439 1696 exiguam
453 1617 571 1694 montis,
587 1616 751 1699 Lyrnesius
766 1617 896 1697 Acmon,

61 1695 129 1759 Nec
146 1697 245 1781 Clytio
260 1700 394 1780 genitore
409 1700 516 1777 minor,
530 1721 586 1762 nec
602 1702 696 1763 fratre
712 1701 900 1765 Menestheo.

61 1780 105 1843 Hi
114 1782 234 1864 jaculis,
250 1784 293 1845 illi
308 1789 426 1846 certant
441 1784 602 1847 defendere
617 1785 707 1863 saxis,

61 1865 220 1948 Molirique
235 1868 346 1950 ignem,
362 1889 513 1950 nervoque
529 1876 632 1952 aptare
648 1871 784 1952 sagittas.

60 1949 131 2031 Ipse
146 1951 226 2013 inter
239 1952 363 2032 medios,
379 1953 509 2016 Veneris
518 1954 684 2036 justissima
698 1976 782 2035 cura,

60 2033 232 2098 Dardanius
248 2042 349 2119 caput,
365 2057 447 2114 ecoe,
463 2059 538 2119 puer
553 2038 691 2100 detectus
704 2038 873 2120 honestum,

60 2117 164 2190 Qualis
179 2141 307 2201 gemma,
321 2121 423 2200 micat,
439 2123 554 2184 fulvum
569 2143 646 2204 quae
662 2122 768 2185 dividit
783 2144 900 2203 aurum,

59 2203 126 2264 Aut
141 2206 214 2267 collo
229 2205 321 2268 decus
337 2212 389 2268 aut
404 2206 505 2287 capiti,
520 2208 569 2268 vel
583 2207 671 2288 quale
686 2229 741 2290 per
756 2214 853 2271 artem

59 2287 215 2350 Inclusum
229 2290 318 2367 buxo,
334 2297 387 2352 aut
403 2289 504 2352 Oricia
519 2291 698 2369 terebinth0,

59 2370 158 2434 Lucet
172 2375 246 2435 ebur
259 2394 267 2449 ;
290 2375 372 2437 fusos
387 2375 489 2436 cervix
504 2376 552 2437 oui
566 2377 665 2437 lactea
679 2377 777 2439 crines

58 2455 182 2539 Accipit
198 2465 230 2521 et
244 2460 324 2521 molli
338 2460 518 2522 subnectens
533 2459 662 2522 circulus
677 2480 760 2522 auro.

59 2540 103 2601 Te
119 2562 236 2624 quoque
251 2544 457 2625 magnanimae
473 2544 624 2622 viderunt,
639 2543 765 2623 Ismaro,
782 2551 888 2626 gentes

58 2623 196 2688 Vulnera
210 2627 351 2709 dirigere,
367 2634 399 2690 et
413 2629 542 2690 calamos
557 2649 672 2690 armare
685 2650 812 2708 veneno,

58 2707 199 2772 Maeonia
213 2733 356 2793 generose
374 2712 482 2774 domo:
505 2712 556 2774 ubi
571 2712 693 2794 pinguia
708 2715 790 2776 culta

58 2791 270 2877 Exercentque
286 2797 353 2875 viri,
368 2797 567 2878 Pactolosque
582 2797 688 2878 irrigat
703 2818 787 2860 auro,

57 2876 169 2939 Adfuit
184 2885 215 2940 et
230 2879 418 2959 Mnestheus,
434 2901 524 2962 quem
538 2882 615 2963 pulsi
630 2881 755 2963 pristina
769 2880 864 2945 Turni

56 2959 183 3044 Aggere
198 2985 364 3028 moerorum
378 2964 534 3027 sublimem
549 2965 643 3046 gloria
657 2967 745 3045 tollit,

57 3043 99 3106 Et
116 3047 237 3130 Capys:
260 3049 329 3112 hinc
344 3070 452 3111 nomen
468 3049 638 3130 Campanae
654 3050 775 3113 ducitur
789 3049 866 3112 urbi.

100 3132 150 3194 Illi
165 3133 244 3194 inter
257 3153 323 3195 sese
338 3133 405 3195 duri
422 3133 585 3195 certamina
598 3133 670 3197 belli

58 3217 276 3292 Contulerant3
298 3218 398 3279 media
412 3217 534 3279 Aeneas
548 3217 628 3280 freta
638 3224 725 3281 nocte
737 3217 870 3280 secabat.

56 3304 210 3382 Namque,
225 3306 260 3362 ut
275 3301 312 3363 ab
328 3301 470 3363 Evandro
486 3301 591 3364 castris
602 3302 755 3384 ingressus
767 3300 916 3379 Etruscis,

56 3387 174 3467 Regem
189 3384 252 3446 adit
266 3391 298 3446 et
312 3386 377 3466 regi
391 3393 536 3449 memorat
546 3407 715 3468 nomenque
727 3407 896 3468 genusque,

57 3470 175 3543 Quidve
190 3475 286 3549 petat,
302 3469 412 3550 quidve
428 3469 491 3550 ipse
506 3471 604 3545 ferat3
628 3470 797 3533 Mezentius
812 3491 896 3534 arma
1052 3487 1097 3535 150

57 3555 143 3626 Quae
158 3552 214 3614 sibi
229 3553 376 3632 conciliet,
392 3554 580 3635 violentaque
595 3562 719 3636 pectora
734 3554 829 3617 Turni

57 3638 194 3711 Edocet3
217 3636 354 3698 humanis
370 3659 447 3718 quae
463 3639 502 3700 sit
516 3639 627 3701 fiducia
641 3640 731 3701 rebus

53 3722 220 3799 Admonet,
235 3721 440 3865 immiscetqrssrq
456 3743 571 3804 preces.
616 3722 710 3784 Haud
724 3723 759 3784 fit
773 3742 872 3784 mora:
896 3719 1034 3784 Tarchon
