2496 4334
488 293 647 339 AENEIDOS
668 293 733 339 LIB.
761 294 798 339 11.

121 444 255 508 Addunt
268 465 300 507 se
316 445 410 508 socios
424 444 569 528 Rhipeus,
585 452 616 508 et
629 446 774 509 maximus
790 446 879 510 armis

124 530 257 613 Epytus,
273 530 363 593 oblati
377 551 433 613 per
445 531 557 608 lunam,
572 530 770 614 Hypanisque
785 530 971 615 Dymasque,

125 615 170 676 Et
183 615 271 677 lateri
285 615 489 697 agglomerant
502 622 613 693 nostro,
623 616 802 698 juvenisque
819 617 980 697 Coroebus,

125 699 339 782 Mygdonides.
384 699 450 761 lllis
466 698 504 762 ad
519 700 638 783 Trojam
652 701 728 762 forte
744 700 848 763 diebus

126 784 276 863 Venerat,
290 785 393 846 insano
410 783 594 847 Cassandrae
609 785 747 847 incensus
762 806 872 864 amore,

129 868 172 930 Et
186 889 280 950 gener
293 869 434 931 auxilium
448 868 567 930 Priamo
582 869 811 952 Phrygibusque
827 871 954 949 ferebat,

127 953 249 1100 llnfbfix’
265 953 316 1035 qui
330 975 390 1016 non
404 972 527 1036 sponsae
543 960 704 1036 praecepta
717 955 844 1017 furentis

161 1061 183 1098 u
204 1038 281 1100 ‘erit

129 1121 212 1194 Quos
226 1122 277 1183 ubi
292 1122 438 1185 confertos
454 1122 564 1185 audere
579 1123 610 1184 in
624 1123 737 1204 proelia
751 1123 812 1185 vidi
824 1145 832 1185 τ

127 1206 245 1288 Incipio
259 1207 407 1288 superbis
421 1228 428 1267 :
451 1207 473 1269 J
474 1228 596 1286 uvenes,
611 1207 770 1270 fortissima
784 1209 897 1271 frustra

128 1292 270 1370 Pectora,
285 1291 310 1353 si
323 1291 406 1354 vobis
420 1291 580 1354 audentem
595 1299 727 1354 extrema
743 1292 849 1375 cupido

129 1374 224 1438 Certa
237 1375 321 1458 sequi
331 1396 462 1458 -quae
478 1377 516 1439 sit
530 1378 619 1440 rebus
633 1378 753 1440 fortuna
768 1377 895 1440 videtis:

128 1461 295 1523 Excessere
310 1481 411 1523 omnes
426 1461 523 1545 adytis
538 1462 655 1544 arisque
670 1463 781 1525 relictis

128 1546 182 1623 Di,
198 1545 304 1627 quibus
316 1545 473 1628 imperium
486 1547 541 1608 hoc
557 1552 683 1609 steterat
696 1567 704 1623 ;
727 1546 900 1609 succurritis
914 1545 981 1608 urbi

129 1631 276 1692 Incensae
290 1649 298 1705 ;
313 1665 352 1676 —
363 1630 532 1710 moriamur,
548 1637 580 1693 et
592 1631 624 1692 in
637 1631 736 1694 media
751 1651 834 1694 arma
847 1651 979 1693 ruamus.

130 1714 205 1777 Una
218 1715 297 1777 salus
311 1715 397 1777 victis
410 1716 521 1777 nullam
536 1737 656 1799 sperare
672 1717 808 1778 salutem.

132 1798 184 1862 Sic
200 1799 304 1862 animis
313 1800 459 1882 juvenum
472 1801 557 1863 furor
572 1800 701 1863 additus.
746 1801 834 1879 Inde,
849 1800 912 1883 lupi
927 1821 983 1862 ceu

131 1885 280 1967 Raptores
295 1891 361 1946 atra
372 1885 406 1946 in
419 1885 538 1961 nebula,
555 1907 628 1967 quos
642 1886 775 1968 improba
788 1886 900 1948 ventris

131 1970 249 2050 Exegit
260 1988 364 2031 caecos
378 1970 486 2048 rabies,
502 1971 652 2052 catulique
667 1971 763 2032 relicti

130 2054 282 2116 Faucibus
297 2058 472 2136 exspectant
486 2055 572 2118 siccis
586 2076 594 2131 ;
616 2076 672 2138 per
686 2057 756 2132 tela,
771 2075 826 2136 per
839 2055 939 2116 hostes

130 2138 280 2203 Vadimus
293 2139 374 2200 haud
389 2139 508 2201 dubiam
521 2141 553 2202 in
566 2147 692 2202 mortem
706 2161 714 2215 ;
735 2138 911 2221 mediaeque
927 2145 1062 2201 tenemus

130 2222 226 2286 Urbis
239 2223 306 2285 iter.
352 2223 422 2286 Nox
436 2229 503 2286 atra
518 2245 593 2287 cava
607 2225 799 2287 circumvolat
813 2225 928 2288 umbra.

83 2298 208 2380 *Qus
222 2307 336 2370 cladem
351 2308 428 2370 illius
442 2310 548 2388 noctis,
564 2310 629 2392 quis
644 2310 752 2372 funera
765 2309 855 2371 fando

131 2393 283 2475 Explicet,
298 2400 351 2455 aut
364 2393 456 2475 possit
469 2395 609 2478 lacrymis
624 2415 753 2476 aequare
768 2392 911 2455 labores?

130 2477 214 2540 Urbs
229 2478 351 2560 antiqua
365 2478 435 2555 ruit,
450 2481 556 2541 multos
572 2479 722 2541 dominata
735 2501 790 2561 per
805 2497 921 2553 annos3

131 2562 268 2624 Plurima
281 2582 394 2645 perque
409 2563 472 2626 vias
488 2569 662 2626 sternuntur
675 2565 783 2626 inertia
797 2563 906 2645 passim

132 2646 277 2728 Corpora,
292 2668 405 2729 perque
421 2647 532 2726 domos,
549 2655 580 2711 et
593 2649 732 2730 religiosa
747 2649 869 2711 deorum

132 2731 262 2793 Limina.
306 2731 339 2793 N
340 2738 374 2794 ec
389 2732 443 2794 soli
458 2754 569 2814 poenas
584 2734 657 2795 dant
672 2735 815 2815 sanguine
831 2731 960 2794 Teucri:

132 2815 293 2888 Quondam
307 2817 396 2878 etiam
410 2817 497 2879 victis
511 2818 590 2879 redit
603 2818 635 2879 in
650 2819 825 2900 praecordia
840 2818 945 2895 virtus,

131 2902 333 2983 Victoresque
349 2901 460 2965 cadunt
475 2902 583 2964 Danai.
630 2902 767 2965 Crudelis
781 2903 891 2985 ubique

130 2986 258 3063 Luctus,
273 2986 383 3067 ubique
398 3006 502 3067 pavor,
518 2992 550 3048 et
564 2988 691 3069 plurima
703 2988 806 3048 mortis
821 2988 929 3066 imago.

174 3070 294 3132 Primus
309 3091 353 3148 se,
368 3071 507 3131 Danaum
521 3091 631 3152 magna
646 3072 804 3133 comitante
820 3076 952 3147 caterva,

130 3155 310 3235 Androgeos
325 3155 410 3230 offert
424 3155 518 3232 nobis,
534 3157 614 3218 socia
629 3157 747 3237 agmina
762 3155 887 3218 credens

130 3239 260 3316 Inscius,
276 3245 366 3322 atque
380 3239 459 3300 ultro
474 3240 571 3300 verbis
586 3242 742 3322 compellat
756 3239 878 3302 amicis:

131 3323 298 3401 Festinate,
314 3324 370 3386 viri
383 3344 391 3398 3
413 3343 482 3384 nam
497 3344 574 3405 quae
589 3330 651 3386 tam
665 3345 733 3386 sera
746 3330 879 3386 moratur

134 3407 286 3489 Segnities
302 3406 315 3469 l
338 3409 388 3470 alii
402 3408 523 3489 rapiunt
536 3409 660 3487 incensa
674 3410 833 3490 feruntque

132 3494 303 3573 Pergama:
327 3513 379 3555 vos
394 3493 480 3554 celsis
495 3513 574 3554 nunc
589 3494 717 3574 primum
733 3494 889 3555 anavibus
903 3488 977 3553 itis?

132 3578 237 3652 Dixit;
261 3583 293 3638 et
307 3578 455 3659 extemplo
466 3612 508 3623 —
518 3598 616 3659 neque
632 3578 710 3639 enim
724 3598 866 3659 responsa
880 3576 1028 3638 dabantur

132 3662 211 3723 Fida
225 3661 298 3723 satis
310 3696 349 3709 -
363 3662 455 3724 sensit
469 3662 581 3724 medios
596 3662 735 3744 delapsus
749 3663 780 3723 in
794 3663 904 3723 hostes.

134 3745 309 3828 Obstupuit,
324 3752 464 3828 retroque
480 3747 588 3828 pedem
606 3767 674 3807 cum
689 3766 761 3809 voce
777 3745 929 3827 repressit.
