2496 4334
458 308 617 356 Annnmos
639 310 704 357 ΠΒ.
732 309 764 355 X.

102 463 173 546 Ipse
189 462 261 525 rotis
276 462 384 523 saliens
394 462 470 546 juga
485 461 609 523 deseris.
654 461 741 523 Haec
757 460 801 522 ita
814 461 895 525 fatus

102 548 243 630 Arripuit
257 547 382 629 bijugos.
428 547 536 607 Frater
550 546 693 607 tendebat
707 547 818 608 inertes

103 632 214 693 Infelix
228 632 352 714 palmas,
368 651 458 692 curru
474 631 612 712 delapsus
627 632 752 692 eodem:

103 716 165 778 Per
180 724 222 794 te,
238 737 292 799 per
307 717 359 796 qni
373 722 404 777 te
414 716 509 776 'talem
524 735 655 795 genuere
671 721 821 797 parentes,

102 801 162 863 Vir
176 801 314 884 Trojano,
330 801 393 862 sine
408 800 485 860 hanc
501 800 640 877 animam,
656 807 687 861 et
701 802 842 862 miserere
857 797 1029 881 precantis!
1121 857 1128 862 .

103 885 243 946 Pluribus
258 885 354 946 oranti
369 883 511 945 Aeneas:
536 883 628 944 Haud
643 885 715 946 talia
730 885 842 945 dudum

102 970 194 1031 Dicta
208 968 310 1030 dabas.
356 967 488 1046 Morere,
505 975 536 1029 et
549 969 674 1029 fratrem
688 989 726 1029 ne
742 969 848 1030 desere
862 968 968 1030 frater.

103 1054 179 1115 Tum
194 1052 324 1114 latebras
340 1053 466 1129 animae,
483 1059 598 1133 pectus,
614 1073 754 1115 mucrone
770 1053 908 1114 recludit.

103 1138 188 1199 Talia
202 1158 257 1218 per
273 1157 391 1219 campos
407 1137 516 1198 edebat
529 1137 636 1198 funera
651 1137 757 1199 ductor

102 1221 284 1299 Dardanius,
301 1222 439 1283 torrentis
454 1240 548 1301 aquae
564 1223 613 1283 vel
625 1222 750 1284 turbinis
765 1222 823 1283 atri

102 1305 189 1368 More
204 1306 317 1366 furens.
362 1303 497 1366 Tandem
512 1313 671 1388 erumpunt
686 1314 716 1368 et
732 1314 830 1369 castra
844 1305 1016 1388 relinquunt

101 1390 252 1453 Ascanius
267 1411 342 1471 puer
357 1396 388 1450 et
402 1389 604 1470 nequidquam
619 1392 738 1453 obsessa
747 1393 901 1473 juventus.
922 1433 924 1438 «

144 1474 166 1537 J
167 1495 295 1536 unonem
309 1474 425 1535 interea
441 1475 598 1555 compellat
611 1475 733 1557 Jupiter
747 1477 845 1538 ultro:

103 1549 130 1612 0
146 1559 373 1640 germanamihi
388 1564 478 1640 atque
494 1558 599 1619 eadem
614 1561 782 1640 gratissima
797 1560 916 1642 conjnx,

102 1641 148 1704 Ut
162 1643 278 1720 rebare,
294 1643 400 1705 Venus
411 1676 454 1686 -
465 1663 521 1704 nec
537 1649 567 1704 te
582 1645 732 1706 sententia
745 1645 822 1707 fallit
832 1679 875 1692 -

102 1726 245 1808 Trojanas
260 1732 409 1788 sustentat
423 1746 514 1807 opes:
538 1748 597 1788 non
611 1729 710 1790 vivida
720 1729 797 1790 bello

101 1809 218 1872 Dextra
232 1810 313 1887 viris,
330 1813 502 1891 animusque
517 1811 614 1889 ferox,
629 1812 804 1895 patiensque
820 1811 933 1894 pericli.

103 1893 160 1956 Oui
173 1894 255 1956 June
269 1896 433 1958 submissa:
459 1893 550 1972 Quid,
565 1916 583 1957 o
597 1897 794 1979 pulcherrime
811 1899 929 1979 conjux,

103 1977 250 2040 Sollicitas
265 2000 387 2060 aegram
402 1983 433 2041 et
448 1985 501 2040 tua
516 1981 613 2042 tristia
628 1981 709 2043 dicta
722 1980 902 2043 timentem?

103 2061 136 2124 Si
151 2063 232 2142 mihi,
250 2084 326 2144 quae
342 2063 490 2145 quondam
501 2064 611 2142 fuerat,
627 2085 775 2146 quamque
791 2086 855 2128 esse
871 2061 1009 2139 decebat,

100 2147 158 2209 Vis
172 2147 204 2208 in
218 2168 317 2209 amore
332 2148 419 2209 foret.
464 2147 535 2210 Non
549 2148 605 2210 hoc
620 2150 692 2210 mihi
706 2170 835 2231 nemque
850 2166 990 2230 negares,

102 2230 308 2313 Omnipotens,
323 2232 395 2313 quin
410 2237 441 2292 et
456 2252 574 2313 pugnae
589 2233 755 2296 subducere
771 2234 916 2313 Turnum,

101 2315 143 2376 Et
159 2316 268 2377 Dauno
283 2336 399 2397 possem
413 2315 590 2378 ineolumem
605 2338 725 2380 servare
740 2319 868 2400 parenti.

100 2399 191 2461 Nunc
207 2405 322 2482 pereat,
337 2399 520 2480 Teucrisque
536 2401 583 2482 pio
598 2402 651 2463 det
664 2404 807 2484 sangnine
823 2422 943 2486 poenas.

100 2483 157 2545 llle
172 2490 273 2546 tamen
287 2491 390 2546 nostra
403 2484 526 2546 deducit
541 2485 654 2566 origine
669 2507 788 2564 nomen,

99 2568 315 2650 Pilumnusque
330 2569 373 2630 illi
388 2575 512 2650 quartus
528 2575 624 2651 pater,
641 2577 672 2632 et
686 2576 740 2633 tna
752 2571 839 2651 larga

101 2650 199 2733 Saepe
215 2673 305 2714 manu
319 2654 479 2734 multisque
496 2654 631 2715 oneravit
644 2654 746 2716 limina
759 2654 854 2717 donis.

101 2734 158 2797 Oui
173 2757 227 2797 rex
241 2737 366 2798 aetherii
381 2737 512 2799 breviter
528 2737 569 2799 sic
584 2738 664 2800 fatus
681 2737 824 2821 Olympi:

101 2818 135 2880 Si
149 2839 233 2881 mora
247 2822 411 2901 praesentis
426 2821 479 2882 leti
494 2828 671 2903 tempusque
686 2823 799 2884 caduco

101 2901 215 2964 Oratur
224 2905 340 2986 juveni,
355 2926 462 2987 meque
478 2905 533 2966 hoc
549 2907 592 2967 ita
606 2927 715 2988 ponere
730 2906 834 2985 sentis,

99 2988 182 3049 Tolle
195 2989 268 3068 fuga
286 2988 419 3050 Tmnum
434 2996 524 3070 atque
540 2989 718 3052 instantibus
733 2991 814 3072 eripe
829 2990 919 3053 fatis:

98 3071 258 3133 Hactenus
273 3072 429 3135 indulsisse
445 3080 543 3135 vacat.
591 3072 644 3135 Sin
656 3075 743 3135 altior
756 3075 820 3136 istis
889 3129 893 3135 .

101 3155 165 3216 Sub
182 3156 320 3236 precibus
335 3157 422 3218 venia
436 3158 497 3218 nlla
511 3159 596 3235 latet,
612 3164 765 3239 totumque
779 3157 893 3220 moveri

98 3239 250 3302 Mutarive
266 3247 353 3321 putas
368 3240 489 3318 bellum,
506 3261 574 3323 spes
589 3242 686 3323 pascis
701 3242 815 3305 inanes.

99 3322 141 3384 Et
155 3322 177 3384 J
178 3344 237 3383 uno
252 3325 467 3407 allacrymans:
493 3323 583 3402 Quid,
599 3326 635 3404 si,
647 3347 724 3407 quae
741 3348 812 3389 voce
828 3326 974 3409 gravaris,

98 3405 203 3467 Mente
220 3406 318 3485 dares,
336 3415 426 3490 atque
442 3409 516 3469 haec
532 3409 632 3472 Turno
646 3417 713 3472 rata
729 3412 792 3473 vita
806 3409 968 3472 maneret?

98 3489 190 3551 Nunc
205 3499 307 3554 manet
321 3493 469 3554 insontem
484 3492 583 3573 gravis
599 3495 706 3572 exitus,
722 3503 774 3557 aut
789 3516 845 3575 ego
860 3494 925 3556 reri

99 3573 190 3635 Vana
204 3574 295 3637 feror.
342 3575 429 3648 Quod
444 3583 478 3636 ut
494 3598 510 3637 0
525 3578 622 3658 potius
637 3578 793 3640 formidine
805 3579 882 3639 falsa

99 3656 213 3735 Ludar‚
229 3665 260 3719 et
275 3660 306 3720 in
320 3661 425 3721 melius
441 3667 504 3738 tna,
520 3662 572 3741 qui
587 3669 681 3744 potes,
695 3683 762 3724 orsa
775 3660 933 3725 reflectas!

99 3740 188 3802 Haec
203 3743 255 3803 ubi
270 3744 352 3806 dicta
367 3745 460 3821 dedit,
477 3746 558 3806 coelo
573 3767 605 3808 se
628 3755 770 3828 protenus
786 3747 846 3807 altc
