2496 4334
136 259 201 325 304
483 279 512 324 r.
535 278 678 325 umerum
698 277 843 326 minorue

135 430 335 514 Arrectisque
350 431 455 493 horret
468 431 610 514 squamis
626 439 658 494 et
672 431 770 495 sibilat
784 453 848 512 ore,

135 515 262 579 Arduus
276 517 433 597 insurgens
445 536 453 592 ;
475 517 526 580 illa
540 515 621 579 haud
635 517 732 579 minus
747 523 858 600 urguet
872 518 988 582 obunco
1130 536 1181 587 755

136 601 316 663 Luctantem
330 608 448 677 rostro;
470 601 556 663 simul
572 603 694 665 aethera
705 603 845 666 verberat
860 603 924 665 alis.

137 684 231 748 Haud
245 687 332 749 aliter
347 686 489 768 praedam
504 687 660 749 Tiburtum
675 708 712 749 ex
726 688 845 769 agmine
860 687 998 752 Tarchon

137 769 244 833 Portat
259 791 360 833 ovans.
405 769 500 834 Ducis
515 773 682 854 exemplum
694 779 893 855 eventumque
905 773 1002 836 secuti

137 854 317 918 Maeonidae
332 856 501 918 incurrunt.
547 856 624 918 Tum
638 857 707 919 fatis
722 857 839 919 debitus
854 857 975 921 Arruns

137 939 283 1003 Velocem
292 941 393 1023 jaculo
409 946 439 1002 et
453 941 548 1003 multa
561 941 642 1023 prior
657 947 721 1004 arte
738 941 893 1004 Camillam
1128 963 1177 1012 76⁰

138 1023 263 1104 Circuit,
281 1032 322 1104 et,
338 1045 415 1107 quae
431 1026 469 1088 sit
483 1027 602 1089 fortuna
616 1027 768 1105 facillima,
783 1032 891 1090 tentat.

138 1108 206 1182 Qua
221 1132 252 1173 se
269 1131 396 1192 cumque
411 1110 513 1174 furens
528 1110 625 1174 medio
640 1112 709 1174 tulit
723 1111 841 1193 agmine
857 1111 952 1196 virgo,

137 1195 205 1257 Hac
221 1195 343 1258 Arruns
357 1195 436 1256 subit
451 1203 483 1258 et
496 1196 606 1258 tacitus
621 1196 748 1277 vestigia
761 1197 869 1258 lustrat
885 1216 894 1272 ;

138 1277 206 1350 Qua
220 1281 328 1342 victrix
343 1279 422 1341 redit
435 1280 487 1342 illa
500 1280 667 1363 pedemque
683 1302 720 1343 ex
734 1281 819 1343 hoste
834 1287 980 1364 reportat,

136 1365 206 1427 Hac
216 1365 337 1447 juvenis
353 1364 455 1426 furtim
471 1366 583 1428 celeres
599 1366 757 1448 detorquet
770 1365 912 1428 habenae.
1125 1384 1174 1434 765
1193 1356 1200 1370 ’

136 1448 202 1511 Hos
215 1449 323 1526 aditus,
334 1450 457 1532 jamque
472 1451 525 1513 hos
542 1450 640 1513 aditus
655 1471 831 1533 omnemque
846 1457 983 1533 pererrat

137 1533 279 1617 Undique
295 1535 463 1613 circuitum,
479 1540 510 1597 et
524 1542 637 1599 certam
652 1535 749 1618 quatit
762 1535 914 1618 improbus
928 1537 1056 1600 hastam

136 1617 227 1681 Forte
243 1639 329 1682 sacer
346 1619 478 1703 Cybelae
495 1619 650 1698 Chloreus,
666 1620 794 1702 olimque
810 1620 961 1701 sacerdos,

136 1702 266 1785 Insignis
281 1705 369 1787 longe
384 1703 525 1787 Phrygiis
540 1704 677 1788 fulgebat
690 1705 722 1767 in
736 1705 837 1784 armis,
1183 1784 1185 1788 ,

139 1786 394 1871 Spumantemque
410 1789 544 1871 agitabat
559 1811 679 1872 equum,
695 1811 784 1872 quem
799 1789 884 1872 pellis
899 1787 1002 1853 ahenis
1123 1807 1173 1856 7⁷0

136 1871 175 1935 In
190 1875 322 1956 plumam
336 1876 465 1956 squamis
481 1895 553 1938 auro
569 1882 706 1937 conserta
720 1875 852 1956 tegebat.

135 1957 218 2040 Ipse,
233 1959 392 2041 peregrina
403 1960 555 2041 ferrugine
572 1961 670 2022 clarus
685 1966 716 2022 et
730 1967 821 2038 ostro,

138 2041 260 2126 Spicula
273 2045 431 2127 torquebat
446 2044 539 2129 Lycio
556 2043 703 2128 Gortynia
718 2064 811 2107 comu
826 2064 835 2120 ;

134 2128 257 2191 Aureus
272 2149 310 2190 ex
320 2129 451 2192 humeris
466 2136 551 2192 sonat
565 2150 664 2207 arcus,
680 2135 711 2191 et
725 2149 818 2191 aurea
832 2128 894 2192 vati

137 2212 261 2276 Cassida
273 2234 281 2289 3
304 2220 368 2276 tum
380 2234 516 2276 croceam
528 2214 773 2295 chlamydemque
787 2214 928 2296 sinusque
940 2217 1097 2296 crepantes
1122 2230 1170 2279 crs

136 2296 300 2361 Carbaseos
314 2299 395 2361 fulvo
410 2299 441 2360 in
455 2298 565 2360 nodum
581 2300 743 2380 collegerat
757 2319 841 2376 auro,

134 2381 239 2446 Pictus
254 2404 310 2444 acu
324 2384 439 2445 tunicas
455 2389 486 2446 et
499 2383 627 2446 barbara
641 2383 773 2465 tegmina
788 2404 918 2445 crurum.

134 2466 225 2530 Hunc
241 2469 336 2549 virgo,
351 2469 412 2530 sive
428 2474 463 2530 ut
477 2470 595 2551 templis
611 2469 792 2551 praefigeret
807 2488 890 2530 arma

134 2552 235 2631 Troia,
251 2554 368 2635 captivo
384 2554 445 2616 sive
461 2560 495 2615 ut
510 2575 542 2616 se
557 2555 651 2616 ferret
665 2553 697 2615 in
712 2574 795 2631 auro,

133 2636 282 2700 Venatrix
297 2660 389 2699 unum
404 2658 442 2700 ex
456 2639 535 2700 omni
550 2639 712 2701 certamine
724 2657 843 2720 pugnae
912 2683 914 2686 -
1123 2652 1171 2702 780

135 2721 233 2784 Caeca
248 2723 439 2805 sequebatur,
454 2730 608 2806 totumque
624 2724 745 2785 incauta
759 2744 813 2805 per
828 2741 937 2803 agmen

132 2805 274 2869 Femineo
289 2807 419 2890 praedae
435 2815 466 2870 et
480 2810 639 2890 spoliorum
654 2808 779 2870 ardebat
791 2827 911 2869 amore:

134 2890 240 2953 'selum
255 2913 292 2954 ex
306 2892 419 2955 insidiis
434 2914 528 2974 quum
541 2893 664 2955 tandem
679 2899 812 2975 tempore
825 2897 912 2973 capto

135 2975 272 3039 Concitat
287 2984 318 3039 et
332 2998 454 3060 superos
469 2977 588 3041 Arruns
603 2979 644 3040 sic
661 2998 732 3040 voce
748 2983 910 3060 precatur:

135 3059 256 3124 Summe
272 3061 371 3140 deum,
387 3063 483 3125 sancti
498 3071 597 3126 custos
614 3062 745 3126 Soractis
760 3061 881 3144 Apollo,
974 3140 976 3145 Ι
1122 3075 1173 3123 785

134 3143 231 3217 Quem
245 3146 331 3228 primi
347 3147 479 3226 colimus,
495 3149 543 3210 cui
558 3149 664 3231 pineus
680 3147 768 3210 ardor
784 3166 892 3209 acervo

133 3229 282 3309 Pascitur,
297 3237 329 3293 et
345 3232 475 3294 medium
489 3233 560 3295 freti
573 3233 685 3315 pietate
700 3232 870 3314 perignem

134 3313 271 3376 Cultores
286 3317 379 3378 multa
393 3316 553 3398 premimus
568 3318 694 3398 vestigia
708 3338 815 3399 pruna,

131 3398 192 3478 Da,
208 3407 304 3482 pater,
319 3401 375 3463 hoo
390 3402 497 3463 nostris
513 3402 623 3463 aboleri
639 3402 769 3464 dedecus
785 3399 885 3477 armis,

133 3483 337 3567 Omnipotens.
383 3484 454 3546 Non
469 3487 590 3548 exuvias
605 3488 745 3569 pulsaeve
761 3493 916 3568 tropaeum
1121 3499 1172 3548 ⁷9⁰

131 3570 277 3651 Virginis,
293 3577 346 3633 aut
360 3571 453 3652 spolia
467 3572 529 3633 ulla
542 3580 633 3654 peto;
655 3572 727 3633 mihi
743 3578 844 3633 cetera
858 3568 978 3631 laudem

130 3653 226 3717 Facta
239 3655 358 3731 ferent3
380 3656 455 3719 haec
471 3657 536 3719 dira
549 3678 616 3719 meo
631 3657 702 3718 dum
713 3657 836 3718 vulnere
853 3653 945 3736 pestis

129 3737 223 3802 Pulsa
238 3740 337 3818 cadat,
354 3741 466 3824 patrias
480 3743 618 3806 remeabo
633 3741 775 3823 inglorius
787 3742 887 3803 urbes.
