2496 4334
144 238 209 304 234
472 255 502 314 r,
526 255 667 302 vmcmrr
694 251 840 303 unnours

143 405 327 488 Impediunt.
371 406 435 468 Alii
451 407 583 483 ventosis
594 407 712 470 follibus
728 425 816 469 auras
892 441 894 446 ·

141 491 307 574 Accipiunt
322 490 511 574 redduntque
526 512 534 568 ;
557 491 607 554 alii
622 491 780 554 stridentia
793 491 934 572 tinguunt

142 575 228 638 Aera
242 577 332 652 lacu3
356 577 449 658 gemit
462 577 605 660 impositis
619 577 776 640 incudibus
795 582 923 639 antrum.

143 660 193 723 Illi
207 661 286 722 inter
297 668 362 723 sese
377 663 472 724 multa
486 664 516 724 vi
530 662 653 724 brachia
667 663 777 724 tollunt

143 745 181 807 In
196 767 364 825 numerum,
378 752 559 829 versantque
576 747 676 809 tenaci
690 747 803 827 forcipe
819 765 957 808 massam.

186 830 273 893 Haec
290 837 377 913 pater
390 830 504 893 Aeoliis
520 838 660 914 properat
675 831 747 894 dum
761 831 903 893 Lemnius
917 831 988 910 oris,

144 914 319 978 Evandrum
333 937 370 978 ex
385 916 487 978 humili
502 923 582 978 tecto
596 918 647 979 lux
662 915 786 979 suscitat
807 915 885 979 alma

144 999 186 1062 Et
206 1001 343 1063 matutini
359 1002 512 1064 volucrum
527 1001 581 1064 sub
597 1003 723 1064 culmine
740 1006 857 1064 cantus.

145 1084 305 1167 Consurgit
319 1086 427 1164 senior,
443 1087 603 1169 tunicaque
618 1086 769 1149 inducitur
783 1091 877 1166 artus,

144 1169 186 1231 Et
200 1171 358 1254 Tyrrhena
371 1171 482 1253 pedum
500 1171 666 1234 circumdat
680 1171 800 1234 vincula
814 1169 924 1254 plantis
936 1189 945 1246 ;

144 1255 221 1316 Tum
239 1255 326 1318 lateri
341 1269 431 1338 atque
446 1256 576 1318 humeris
598 1257 768 1338 Tegeaeum
790 1257 919 1338 subligat
941 1276 1054 1337 ensem,

144 1339 283 1403 Demissa
298 1340 334 1403 ab
349 1342 435 1403 laeva
449 1341 613 1423 pantherae
629 1348 716 1422 terga
730 1347 917 1423 retorquens.

145 1424 212 1488 Nec
227 1447 287 1487 non
302 1431 333 1487 et
347 1426 458 1506 gemini
472 1427 618 1489 custodes·
633 1426 733 1488 limine
749 1425 786 1488 ab
802 1427 862 1488 alto

145 1509 336 1573 Praecedunt
351 1531 545 1594 gressumque
561 1531 649 1574 canes
662 1511 841 1573 comitantur
850 1510 986 1575 herilem.

145 1595 280 1677 Hospitis
294 1595 419 1657 Aeneae
434 1596 537 1658 sedem
552 1603 583 1657 et
597 1602 715 1659 secreta
729 1597 862 1678 petebat,

148 1677 326 1742 Sermonum
340 1687 498 1743 memoret
513 1681 647 1764 promissi
662 1681 804 1760 muneris,
819 1682 916 1745 heros.

50 1804 53 1810 ·
145 1762 178 1825 N
179 1784 213 1826 ec
228 1764 324 1827 minus
339 1764 461 1829 Aeneas
477 1787 508 1828 se
523 1767 687 1828 matutinus
709 1766 828 1848 agebat.

145 1849 239 1912 Filius
253 1850 322 1913 huic
338 1850 449 1930 Pallas,
464 1851 506 1913 illi
521 1872 619 1914 comes
634 1852 696 1913 ibat
711 1850 856 1914 Achates.

148 1934 307 2016 Congressi
316 1936 450 2018 jungunt
464 1936 597 2014 dextras,
611 1936 775 2018 mediisque
791 1936 927 2000 residunt

145 2019 294 2100 Aedibus,
309 2021 435 2105 etlicito
451 2023 573 2085 tandem
587 2042 721 2084 sermone
736 2022 887 2084 fruuntur.

146 2105 214 2167 Rex
229 2106 310 2188 prior
321 2106 415 2169 haec:

146 2189 278 2253 Maxime
293 2191 478 2254 Teucrorum
493 2192 610 2271 ductor,
626 2212 685 2274 quo
700 2191 809 2273 sospite
828 2212 991 2274 numquam

147 2273 209 2336 Res
225 2275 364 2357 equidem
378 2276 484 2360 Trojae
499 2278 594 2339 victas
610 2287 663 2339 aut
677 2297 772 2358 regna
785 2277 912 2356 fatebor,

147 2358 241 2422 Nobis
256 2360 294 2422 ad
308 2361 379 2422 belli
393 2362 535 2423 auxilium
549 2384 602 2445 pro
616 2362 734 2424 nomine
757 2367 840 2423 tanto

147 2444 283 2526 Exiguae
298 2445 397 2508 vires:
420 2447 488 2509 hinc
505 2447 602 2510 Tusco
617 2447 783 2510 claudimur
796 2446 886 2524 amni,

146 2530 228 2592 Hinc
244 2529 374 2594 Rutulus
389 2532 498 2615 premit
512 2539 543 2594 et
557 2555 675 2594 murum
697 2532 895 2593 circumsonat
910 2532 1009 2594 armis.

149 2612 211 2677 Sed
227 2616 280 2678 tibi
295 2637 350 2698 ego
365 2618 502 2699 ingentes
517 2619 639 2699 populos
655 2619 854 2699 opulentaque
877 2618 978 2698 regnis
1135 2636 1184 2683 475

146 2700 169 2762 J
169 2722 283 2782 ungere
299 2708 399 2765 castra
413 2723 503 2785 paro:
529 2723 619 2784 quam
633 2703 693 2764 fors
708 2702 828 2784 inopina
842 2703 969 2764 salutem

149 2785 300 2848 Ostentat.
345 2787 428 2849 Fatis
450 2787 509 2850 huc
525 2793 554 2848 te
570 2787 759 2869 poscentibus
775 2787 872 2849 affere.

147 2870 241 2932 Haud
256 2872 359 2953 procul
373 2873 442 2935 hinc
458 2893 528 2935 saxo
543 2873 681 2934 incolitur
697 2871 822 2933 fundata
838 2877 956 2934 vetusto

148 2954 241 3017 Urbis
255 2955 417 3038 Agyllinae
433 2957 532 3034 sedes,
547 2957 598 3018 ubi
613 2956 711 3039 Lydia
733 2956 885 3038 quondam

149 3038 242 3118 Gens,
257 3040 335 3103 bello
351 3042 517 3124 praeclara,
527 3042 610 3124 jugis
625 3041 734 3103 insedit
749 3042 895 3104 Etruscis.

148 3125 237 3187 Hanc
252 3127 360 3189 multos
375 3127 529 3188 florentem
545 3147 636 3188 annos
652 3147 704 3188 rex
721 3126 828 3188 deinde
844 3126 971 3209 superbo

147 3209 277 3290 Imperio
293 3216 324 3272 et
339 3211 435 3273 saevis
450 3211 547 3273 tenuit
562 3211 728 3273 Mezentius
740 3212 840 3273 armis.

149 3293 229 3365 Quid
242 3315 403 3357 memorem
422 3295 560 3357 infandas
576 3296 684 3358 caedes
698 3295 710 3357 ’ἒ
735 3296 806 3378 quid
820 3296 901 3357 facta
915 3293 1037 3376 tyranni

149 3376 273 3441 Effera?
317 3380 357 3441 Di
373 3380 463 3462 capiti
478 3380 568 3462 ipsius
584 3381 745 3462 generique
761 3379 936 3444 reservent!

148 3465 271 3527 Mortua
286 3465 358 3547 quin
374 3465 463 3527 ctiam
476 3466 625 3548 jungebat
641 3486 764 3547 corpora
778 3466 864 3545 vivis,
1140 3482 1188 3528 485

151 3551 337 3632 Componens
358 3551 554 3633 manibusque
569 3571 674 3612 manus
689 3557 779 3631 atque
796 3551 894 3613 oribus
910 3571 973 3629 ora,

150 3636 302 3697 Tormenti
318 3657 424 3717 genus,
440 3643 471 3698 et
486 3636 567 3698 sanie
583 3636 711 3716 taboque
726 3636 853 3698 fluentes

152 3719 315 3802 Complexu
330 3722 361 3782 in
375 3722 483 3783 misero
498 3723 587 3802 longa
602 3720 643 3782 sic
659 3727 754 3782 morte
769 3723 907 3784 necabat.
