2496 4334
133 296 196 360 146
473 314 503 358 P.
528 312 670 358 vinemrr
692 311 838 359 uunorus

133 466 298 530 Ascanium
314 471 488 548 surgentem
503 472 534 528 et
549 487 617 548 spes
632 465 751 529 heredis
773 466 834 528 Iuli

133 552 274 634 Respice,
289 553 338 614 cui
353 573 480 634 regnum
495 552 602 614 Italiae
618 553 813 634 Romanaque
833 553 923 615 tellus

133 637 299 700 Debentur.
347 638 412 699 Tali
429 637 582 719 Cyllenius
599 658 650 700 ore
665 639 783 699 locutus

133 723 278 785 Mortales
292 723 373 785 visus
388 722 485 784 medio
500 743 635 785 sermone
652 723 783 806 reliquit,

133 808 175 870 Et
190 810 293 890 procul
307 810 339 871 in
355 814 475 870 tenuem
491 829 528 869 ex
543 808 636 870 oculis
659 809 781 871 evanuit
803 828 918 871 auram.

175 893 221 955 At
236 915 306 956 vcro
321 893 443 955 Aeneas
459 893 605 976 adspectu
620 894 768 956 obmutuit
782 914 895 970 amens,

132 978 342 1061 Arrectaeque
356 978 478 1041 horrore
495 999 608 1057 comae,
624 985 656 1040 et
670 1000 727 1041 vox
741 979 877 1041 faucibus
892 979 999 1041 haesit.
1016 974 1018 979 ’

131 1063 233 1126 Ardet
247 1065 328 1127 abire
345 1064 428 1145 fuga,
445 1064 607 1146 dulcesque
623 1065 792 1147 relinquere
812 1070 919 1143 terrae,

132 1149 289 1212 Attonitus
304 1156 387 1212 tanto
402 1149 516 1211 monitu
529 1149 712 1231 imperioque
728 1150 862 1211 deorum.

132 1235 215 1312 Heu,
232 1235 304 1318 quid
319 1234 417 1316 agat?
441 1256 499 1316 quo
514 1255 594 1296 nunc
609 1236 745 1317 reginam
759 1235 871 1296 ambire
887 1234 1038 1297 furentem

131 1319 257 1384 Audeat
271 1319 388 1384 affatu?
411 1341 489 1402 quae
504 1320 600 1401 prima
615 1320 737 1382 exordia
751 1319 875 1383 sumat?

132 1406 236 1489 Atque
252 1406 383 1468 animum
397 1426 476 1468 nunc
492 1406 551 1467 huc
567 1407 707 1484 celerem,
721 1427 801 1468 nunc
817 1404 924 1467 dividit
938 1405 1020 1483 illuc,

132 1492 170 1554 In
185 1498 344 1575 partesque
360 1491 439 1574 rapit
456 1491 564 1569 varias,
579 1512 692 1574 perque
708 1492 807 1554 omnia
821 1500 931 1555 versut.

105 1648 109 1655 ¹
133 1578 219 1640 Haec
235 1577 395 1639 altementi
410 1577 506 1659 potior
521 1577 671 1639 sententia
690 1577 754 1639 vise
769 1583 832 1640 est:

132 1663 303 1741 Mnesthea,
321 1661 556 1745 Sergestumque
572 1669 670 1741 vocat,
686 1663 853 1744 fortemque
874 1660 1047 1724 Serestum:

133 1750 267 1812 Classem
284 1754 389 1830 aptent
404 1748 497 1826 taciti,
513 1748 607 1810 socios
619 1748 658 1810 ad
672 1749 761 1811 litora
776 1754 907 1830 cogant;

131 1836 226 1897 Arma
242 1839 361 1916 parcnt,
377 1839 418 1912 et,
435 1854 513 1916 quae
529 1834 568 1895 sit
582 1834 671 1895 rebus
686 1855 793 1896 caussa
807 1833 963 1911 novandis,

132 1920 348 1994 Dissimulent3
371 1940 436 1982 sese
451 1920 578 1997 interea,
594 1919 713 2001 quando
728 1919 838 2002 optima
853 1918 933 1981 Dido

132 2007 269 2083 Nesciat,
284 2010 316 2066 et
330 2011 429 2068 tantos
443 2005 542 2087 rumpi
555 2026 615 2066 non
630 2011 732 2087 speret
749 2026 876 2083 amores,

131 2092 330 2156 Tentaturum
344 2090 454 2169 aditus,
470 2096 502 2152 et
516 2111 594 2173 quae
608 2091 779 2153 mollissima
793 2091 876 2153 fandi

132 2178 289 2260 Tempora,
305 2176 372 2258 quis
387 2176 476 2237 rebus
492 2175 598 2237 dexter
611 2176 727 2239 modus.
774 2174 865 2239 Ocius
880 2195 982 2239 omnes

131 2263 262 2345 Imperio
275 2262 347 2323 lacti
362 2266 479 2342 parent,
496 2281 531 2322 ac
542 2261 627 2344 jussa
648 2261 811 2324 facessunt.

174 2348 220 2410 At
234 2347 339 2428 regina
355 2346 437 2408 dolos
446 2381 489 2392 -
501 2347 568 2428 quis
583 2347 686 2410 fallere
703 2348 795 2430 possit
809 2354 958 2410 amantem
972 2345 1039 2409 2?-

131 2433 315 2512 Praesensit,
330 2438 488 2514 motusque
504 2433 621 2514 excepit
635 2433 732 2515 prima
745 2434 873 2512 futuros,

132 2519 240 2582 Omnia
255 2525 321 2581 tuta
336 2518 461 2580 timens:
486 2518 592 2580 eadem
606 2518 697 2601 impia
711 2519 806 2581 Fama
819 2519 931 2581 furenti

130 2605 248 2668 Detulit
262 2605 371 2667 armari
387 2605 523 2680 classem,
539 2624 718 2686 cursumque
734 2605 843 2686 parari.

133 2689 235 2754 Saevit
247 2691 332 2772 inops
348 2688 448 2766 animi,
463 2695 616 2770 totamque
631 2689 754 2751 incensa
768 2711 823 2773 per
837 2690 942 2752 urbem

130 2776 303 2839 Bacchatur
316 2795 324 2850 ;
348 2775 443 2857 qualis
460 2774 612 2835 commotis
628 2775 726 2836 excita
741 2775 832 2836 sacris

130 2862 252 2945 Thyias,
268 2861 318 2923 ubi
334 2859 435 2922 audito
451 2859 604 2921 stimulant
618 2860 771 2922 trieterica
784 2860 907 2922 Baccho

131 2947 236 3030 Orgia,
251 2953 474 3026 nocturnusque
490 2951 578 3007 vocat
593 2947 720 3007 clamore
743 2945 915 3008 Cithaeron.

129 3034 264 3097 Tandem
278 3032 324 3094 his
339 3030 468 3092 Aenean
484 3031 641 3112 compellat
657 3031 777 3093 vocibus
789 3033 888 3093 ultro:

171 3119 367 3181 Dissimulare
383 3116 473 3177 etiam
488 3116 625 3197 sperasti,
642 3117 767 3198 perfide,
783 3122 900 3178 tantum

129 3204 221 3266 Posse
236 3204 331 3280 nefaS,
347 3200 517 3282 tacitusque
532 3221 600 3262 mea
614 3200 761 3263 decedere
777 3200 880 3264 terra?

128 3288 196 3350 Nec
211 3295 242 3350 te
257 3294 359 3350 noster
373 3305 466 3363 amor,
482 3305 537 3346 nec
553 3291 583 3346 te
600 3285 672 3347 data
686 3286 812 3349 dextera
827 3286 987 3369 quondam,

128 3373 161 3434 N
162 3394 195 3434 ec
211 3373 354 3434 moritura
369 3375 454 3432 tenet
469 3368 583 3431 crudeli
597 3370 704 3433 funere
724 3371 830 3434 Dido?

129 3457 208 3530 Quin
223 3458 315 3520 etiam
328 3456 452 3518 hiberno
468 3455 578 3517 moliris
594 3456 691 3518 sidere
707 3458 844 3535 classem,

128 3543 170 3605 Et
183 3543 287 3606 mediis
302 3561 444 3625 properas
459 3538 658 3622 Aquilonibus
673 3543 717 3604 ire
732 3564 786 3624 per
801 3543 905 3620 altum,

130 3627 291 3690 Crudelis?
337 3626 417 3702 Quid
431 3625 443 3687 ‘t
468 3626 492 3687 si
508 3648 567 3688 non
584 3648 656 3689 arva
671 3628 769 3690 aliena
784 3628 944 3710 domosque

128 3712 252 3794 Ignotas
268 3721 398 3797 peteres,
414 3719 446 3774 et
461 3712 551 3794 Troja
565 3713 688 3795 antiqua
702 3719 848 3790 maneret,

128 3797 218 3881 Troje
232 3819 286 3880 per
300 3799 448 3862 undosum
467 3803 622 3879 peteretur
643 3798 786 3860 classibus
802 3796 938 3879 aequor?
