2496 4334
138 282 201 347 256
473 300 503 375 P,
526 298 668 346 v1aem11
693 298 837 346 umorue

139 453 216 515 Tum
230 452 359 534 primum
372 450 449 513 bello
465 453 593 514 celerem
608 452 769 516 intendisse
785 450 925 534 sagittam

139 537 270 615 Dicitur,
286 542 355 598 ante
370 537 450 598 feras
465 538 568 598 solitus
583 544 698 600 terrere
713 537 848 617 fugaces,

138 622 302 699 Ascanius,
318 621 485 702 fortemque
500 642 590 682 manu
606 622 718 684 fudisse
734 621 919 699 Numanum,
953 631 960 639 ‘

142 705 200 768 Cui
215 706 341 767 Remulo
356 726 520 786 cognomen
535 710 611 784 erat,
625 707 777 788 Turnique
788 706 932 768 minorem

142 789 325 853 Germanum
339 810 436 872 nuper
451 791 580 852 thalamo
595 792 723 853 sociatus
737 790 877 852 habebat.

140 874 173 937 Is
187 875 312 957 primam
324 881 394 936 ante
411 875 504 936 aciem
520 874 612 956 digna
628 882 718 958 atque
729 875 852 956 indigna
867 875 965 936 relatu

140 958 330 1036 Vociferans‚
342 958 532 1040 tumidusque
547 980 623 1022 novo
638 959 813 1042 praecordia
827 979 920 1040 regno

140 1044 211 1106 Ibat
226 1050 257 1105 et
270 1043 423 1124 ingentem
438 1064 503 1105 sese
519 1045 646 1106 clamore
662 1044 798 1106 ferebat:

183 1127 255 1190 Non
268 1127 362 1210 pudet
376 1128 525 1189 obsidione
541 1129 650 1190 iterum
664 1129 800 1210 valloque
816 1127 923 1206 teneri,

140 1213 194 1275 Bis
210 1213 290 1294 capti
304 1212 453 1294 Phryges,
469 1220 500 1274 et
511 1213 598 1274 morti
612 1212 809 1294 praetendere
824 1211 947 1274 muros?

141 1297 201 1374 En,
217 1298 268 1378 qui
282 1305 384 1359 nostra
399 1297 455 1358 sibi
468 1297 546 1359 bello
563 1299 709 1360 connubia
724 1297 870 1379 poscunt!

142 1381 215 1454 Quis
231 1381 305 1442 deus
319 1380 449 1458 Itaham,
465 1403 542 1464 quae
558 1404 609 1444 vos
626 1383 776 1444 dementia
791 1379 918 1463 adegit?

141 1466 213 1528 Non
227 1467 274 1528 hic
290 1464 429 1543 Atridae,
444 1487 500 1528 nec
515 1467 598 1528 fandi
613 1469 699 1529 fictor
713 1466 829 1528 Ulixes.

119 1551 120 1554 ’
142 1551 262 1612 Durum
276 1550 313 1612 ab
329 1551 421 1632 stirpe
436 1571 531 1631 genus
544 1558 630 1614 natos
645 1552 684 1614 ad
698 1551 820 1612 flumina
830 1550 960 1632 primum

142 1635 326 1712 Deferimus,
343 1656 491 1717 saevoque
507 1637 577 1717 gelu
592 1637 733 1699 duramus
749 1642 780 1698 et
793 1635 901 1711 undis3

142 1719 266 1783 Venatu
280 1719 437 1801 invigilant
451 1721 536 1802 pueri
548 1722 695 1803 silvasque
708 1721 846 1802 fatigant,

142 1804 282 1866 Flectere
296 1804 385 1866 ludus
400 1825 491 1886 equos
507 1812 538 1867 et
552 1807 666 1888 spicula
681 1805 804 1867 tendere
820 1824 931 1881 cornu;

142 1889 189 1952 At
202 1889 318 1971 patiens
333 1910 457 1971 operum
471 1911 622 1972 parvoque
638 1897 757 1953 assueta
766 1890 910 1971 juventus

143 1972 210 2036 Aut
224 1974 328 2035 rastris
343 1980 454 2035 terram
470 1973 580 2054 domat,
596 1983 648 2037 aut
663 1975 760 2056 quatit
774 1973 883 2055 oppida
897 1974 985 2035 bello.

145 2057 241 2121 Omne
257 2079 364 2120 aevum
378 2059 458 2120 ferro
473 2060 591 2137 teritur,
604 2080 749 2141 versaque
759 2059 923 2141 juvencum

143 2144 244 2224 Perga
257 2144 418 2224 fatigamus
432 2144 540 2219 hasta3
562 2165 618 2207 nec
634 2144 721 2206 tarda
736 2148 875 2205 senectus

144 2228 290 2290 Debilitat
304 2229 382 2290 vires
398 2228 487 2289 animi
501 2235 656 2310 mutatque
671 2229 814 2310 vigorem.
913 2258 917 2265 »

146 2312 293 2375 Canitiem
308 2314 394 2393 galea
408 2313 579 2394 premimuS,
594 2334 770 2395 semperque
786 2318 923 2374 recentes

145 2395 337 2479 Compertare
348 2398 437 2481 juvat
451 2398 578 2479 praedas
593 2405 624 2460 et
639 2400 739 2461 vivere
762 2403 857 2479 rapto.

144 2481 238 2545 Vobis
255 2483 336 2564 picta
351 2502 437 2544 croco
453 2489 484 2543 et
499 2483 626 2563 fulgenti
640 2484 752 2544 murice
768 2482 870 2559 vestis,

144 2567 285 2629 Desidiae
298 2567 380 2629 cordi
393 2587 400 2641 3
418 2568 507 2649 juvat
520 2568 676 2648 indulgere
693 2567 806 2628 choreis
823 2586 830 2641 ;

145 2651 187 2713 Et
201 2651 320 2713 tunicae
334 2651 466 2713 manicas
481 2657 512 2712 et
526 2652 638 2714 habent
651 2651 825 2713 redimicula
839 2650 955 2712 mitrae.

113 2764 116 2769 ⁴
146 2735 173 2797 Ο
191 2757 262 2797 vere
277 2736 441 2818 Phrygiae,
456 2757 554 2817 neque
570 2737 648 2798 enim
663 2736 813 2818 Phryges,
827 2736 869 2796 ite
885 2755 940 2816 per
954 2735 1016 2796 alta

144 2820 310 2903 Dindyma,
324 2821 375 2882 ubi
391 2821 516 2882 assuetis
531 2822 655 2882 biforem
670 2821 723 2882 dat
736 2821 809 2881 tibia
823 2825 954 2882 cantum.

145 2904 301 2986 Tympana
316 2926 367 2966 vos
383 2905 537 2986 buxusque
553 2912 641 2967 vocat
654 2904 838 2987 Berecyntia
848 2903 957 2966 Matris

145 2988 276 3051 Idaeae:
299 2989 386 3050 sinite
402 3009 485 3050 arma
496 2990 577 3068 viris,
594 2996 625 3051 et
640 2990 737 3051 cedite
753 2987 853 3053 ferro!

145 3073 230 3135 Talia
240 3075 407 3157 jactantem
421 3073 508 3136 dictis
525 3095 559 3136 ac
576 3075 641 3136 dira
656 3080 814 3143 canentem

145 3157 177 3219 N
178 3179 217 3220 on
232 3159 301 3219 tulit
315 3157 476 3235 Ascanius,
492 3180 643 3241 nervoque
659 3159 800 3221 obversus
816 3157 924 3239 equino

147 3240 309 3303 Contendit
323 3243 427 3320 telum,
443 3242 620 3324 diversaque
635 3243 757 3306 brachia
768 3243 881 3304 ducens

147 3323 298 3403 Constitit,
311 3333 380 3388 ante
395 3327 417 3388 J
418 3347 504 3388 ovem
518 3329 643 3410 supplex
656 3349 711 3410 per
726 3335 796 3390 vota
809 3333 971 3411 precatus:

144 3409 268 3493 Jupiter
282 3411 478 3493 omnipotens,
491 3411 653 3474 audacibus
668 3433 766 3474 annue
782 3411 913 3493 coeptis:

145 3495 216 3578 Ipse
232 3495 286 3556 tibi
301 3495 340 3557 ad
356 3502 408 3557 tua
423 3496 534 3576 templa
548 3497 643 3558 feram
658 3497 800 3559 solemnia
815 3496 904 3573 dona,

146 3581 188 3642 Et
203 3586 332 3642 statuam
347 3586 416 3642 ante
432 3600 500 3641 aras
516 3589 621 3644 aurata
635 3582 733 3643 fronte
744 3583 920 3664 juvencum,

147 3663 344 3744 Gaudentem,
360 3666 530 3748 pariterque
547 3672 638 3748 caput
653 3687 721 3728 cum
735 3673 830 3728 matre
846 3666 1004 3743 ferentem,

145 3747 168 3810 J
169 3769 217 3811 am
231 3770 331 3814 vcornu
345 3757 429 3834 petat
444 3751 614 3833 etpedibus
630 3751 681 3832 qui
696 3757 819 3833 spargat
833 3771 966 3812 arenam.
