2496 4334
447 273 606 320 semaluos
633 274 697 320 ΜΒ.
721 273 782 320 VII.

96 427 186 490 Haec
203 428 319 507 effatus,
336 447 427 510 equos
441 448 564 489 numero
579 434 665 510 pater
680 426 763 509 eligit
777 425 867 488 omni.

100 513 229 576 Stabant
243 520 292 575 ter
307 519 427 575 centum
441 513 527 574 nitidi
540 514 571 574 in
586 512 778 595 praesepibus
794 512 881 573 altis:

100 597 246 661 Omnibus
261 598 408 680 extemplo
424 596 548 660 Teucris
560 599 647 681 jubet
661 598 764 660 ordine
784 597 854 658 duci

100 682 247 746 Instratos
262 689 342 745 ostro
358 683 489 764 alipedes
504 684 650 766 pictisque
666 683 773 765 tapetis
787 701 795 757 ;

99 768 205 831 Aurea
222 769 390 850 pectoribus
406 768 534 830 demissa
548 769 667 830 monilia
682 768 834 850 pendeut;

100 853 185 915 Tecti
200 875 284 932 auro,
299 853 413 915 fulvum
428 852 573 915 mandunt
587 854 642 916 sub
658 853 795 914 dentibus
811 870 938 926 aurum;

100 937 229 1001 Absenti
243 938 368 1000 Aeneae
385 959 506 1001 currum
521 939 712 1021 geminosque
722 939 842 1021 jugales

102 1022 221 1086 Semine
238 1024 274 1085 ab
290 1023 433 1102 aetherio,
449 1023 595 1106 spirantes
610 1024 730 1085 naribus
746 1023 856 1103 ignem,

101 1108 225 1171 Illorum
241 1109 278 1170 de
294 1114 396 1191 gente,
411 1109 490 1190 patri
505 1129 578 1190 quos
593 1108 720 1170 daedala
735 1108 822 1170 Circe

103 1192 262 1276 Supposita
277 1194 314 1255 de
326 1199 421 1255 matre
436 1193 541 1255 nothos
555 1193 656 1255 furata
671 1193 793 1254 creavit.

102 1279 222 1340 Talibus
238 1278 402 1342 Aeneadae
418 1278 502 1341 donis
517 1278 663 1360 dictisque
679 1278 778 1339 Latini

104 1362 250 1426 Sublimes
264 1365 295 1425 in
310 1363 394 1446 equis
409 1364 548 1442 redeunt,
561 1384 723 1447 pacemque
738 1367 902 1445 reportant·

144 1449 225 1511 Ecce
241 1456 341 1512 autem
356 1449 486 1511 Inachiis
502 1470 567 1512 sese
584 1449 734 1510 referebat
749 1449 784 1510 ab
800 1447 895 1529 Argis

104 1532 202 1596 Saeva
215 1535 237 1596 J
238 1535 300 1596 ovis
316 1535 434 1617 conjux,
449 1555 596 1617 aurasque
611 1534 729 1596 invecta
745 1533 866 1596 tenebat
879 1554 887 1610 ;

102 1618 144 1679 Et
157 1620 269 1680 laetum
285 1620 422 1682 Aeneam
437 1620 620 1701 classemque
636 1639 673 1679 ex
688 1619 810 1680 aethere
825 1620 913 1701 longe

102 1703 285 1766 Dardaniam
302 1703 402 1767 Siculo
418 1704 568 1786 prospexit
582 1705 620 1765 ab
635 1724 729 1784 usque
747 1702 901 1788 Pachyno

102 1789 202 1851 Moliri
212 1790 276 1872 jam
291 1795 372 1851 tecta
387 1789 479 1866 videt,
490 1790 554 1872 jam
568 1788 662 1850 fidere
678 1797 796 1864 terrae3

102 1874 278 1936 Deseruisse
293 1883 384 1936 rates.
431 1871 521 1936 Stetit
536 1874 598 1936 acri
612 1875 672 1935 fixa
687 1873 803 1950 dolore3

102 1959 178 2020 Tum
194 1980 337 2041 quassans
352 1965 453 2041 caput,
467 1960 541 2021 haec
559 1959 683 2021 effundit
697 1966 818 2041 pectore
834 1959 935 2022 dicta:

102 2043 173 2105 Heu
188 2044 310 2127 stirpem
325 2045 449 2106 invisam
465 2050 496 2106 et
510 2045 578 2107 fatis
594 2045 743 2106 contraria
756 2045 863 2107 nostris

101 2128 179 2190 Fata
193 2129 364 2212 Phrygum!
388 2151 459 2191 num
476 2129 572 2210 Sigeis
588 2131 763 2191 occumbere
780 2130 902 2212 campis,

102 2214 185 2275 Num
200 2215 280 2297 capti
295 2222 417 2296 potuer'e
434 2213 523 2297 capi?
545 2237 617 2276 num
631 2215 753 2277 incensa
768 2215 913 2277 cremavit

102 2299 191 2382 Troja
205 2303 283 2363 viros
297 2298 310 2360 ?
352 2299 470 2361 Medias
483 2300 562 2362 acies
577 2301 749 2383 mediosque
764 2322 819 2382 per
832 2301 918 2382 ignes

102 2383 249 2448 Invenere
265 2385 352 2446 viam.
397 2383 452 2462 At,
468 2385 570 2463 credo,
586 2407 652 2447 mea
667 2385 788 2447 nunrina
802 2386 925 2448 tandem

102 2469 195 2531 Fessa
204 2472 319 2554 jacent,
335 2469 408 2531 odiis
423 2476 476 2531 aut
491 2477 663 2533 exsaturata
677 2471 777 2553 quievi
792 2507 836 2518 -

103 2552 182 2624 Quin
197 2556 286 2618 etiam
301 2555 398 2636 patria
412 2575 551 2617 excussos
565 2557 675 2618 infesta
689 2577 743 2638 per
758 2556 854 2618 undas

102 2638 189 2700 Ausa
203 2640 298 2722 sequi,
314 2645 345 2700 et
359 2640 492 2721 profugis
508 2646 569 2702 toto
583 2662 631 2702 me
647 2661 794 2723 opponere
809 2647 910 2723 ponto.

102 2723 267 2786 Absumtae
282 2725 313 2785 in
328 2723 459 2786 Teucros
475 2725 553 2787 vires
568 2727 701 2808 coelique
721 2725 880 2809 marisque.

103 2807 182 2878 Quid
200 2807 304 2891 Syrtes
321 2815 372 2870 aut
389 2807 492 2892 Scylla
505 2811 587 2888 mihi,
605 2811 677 2893 quid
693 2818 777 2873 vasta
793 2809 961 2895 Charybdis

102 2892 245 2956 Profuit?
290 2893 400 2976 Optato
416 2895 585 2957 conduntur
600 2896 759 2980 Thybridis
775 2897 870 2975 alveo,

104 2976 209 3039 Securi
224 2981 323 3061 pelagi
337 2986 427 3060 atque
442 2980 511 3042 mei.
556 2980 640 3043 Mars
655 2981 781 3063 perdere
797 2989 919 3062 gentem

101 3063 267 3125 immanem
281 3063 441 3146 Lapithum
456 3065 572 3141 valuit3
596 3067 742 3128 concessit
756 3066 786 3127 in
801 3067 861 3129 iras
909 3066 914 3078 '
1093 3085 1140 3133 305

101 3148 172 3229 Ipse
188 3148 277 3210 deum
292 3151 445 3231 antiquam
460 3150 577 3231 genitor
593 3150 748 3235 Calydona
762 3151 899 3227 Dianae3

102 3233 190 3304 Quod
205 3234 301 3296 scelus
318 3240 370 3295 aut
385 3232 527 3316 Lapithas
543 3242 669 3313 tantum,
685 3243 737 3298 aut
753 3235 909 3320 Calydona
922 3233 1110 3299 merentem?

101 3319 162 3378 Ast
177 3340 244 3399 ego,
259 3339 367 3401 magna
381 3318 467 3381 Jovis
483 3324 602 3406 conjux,
617 3321 660 3382 nil
674 3323 809 3404 linquere
824 3323 960 3385 inausum
1042 3382 1049 3396 ,

102 3401 186 3472 Quae
202 3405 284 3486 potui
298 3404 412 3481 infehx,
428 3425 505 3486 quae
521 3412 632 3468 memet
645 3405 676 3468 in
691 3407 789 3469 omnia
803 3409 891 3487 verti,

100 3488 215 3550 Vincor
231 3489 268 3550 ab
282 3489 404 3552 Aenea!
451 3489 537 3562 Quod
553 3492 577 3554 si
592 3512 660 3554 mea
673 3493 795 3554 numina
808 3514 868 3554 non
882 3498 952 3555 sunt
1094 3507 1140 3556 310

100 3572 216 3653 Magna
232 3575 323 3648 satis;
347 3574 480 3637 dubitem
494 3577 576 3639 haud
591 3577 730 3659 equidem
747 3577 905 3660 implorare
920 3576 1000 3658 quod
1014 3594 1140 3654 usquam

231 3666 287 3720 est.

100 3742 240 3805 hlcctere
256 3744 280 3806 si
295 3765 412 3827 nequeo
430 3743 571 3891 Sppqros,
587 3746 763 3810 Acheronta
777 3748 910 3810 movebo.
