2496 4334
470 290 630 338 sanamus
653 291 718 337 ΠΒ.
741 290 789 337 IX.

103 443 223 508 Etrusci
235 444 339 507 socios.
384 443 537 507 Tenebras
553 451 584 506 et
598 443 707 507 inertia
720 443 802 506 furta

101 529 241 609 Palladii,
257 530 351 592 caesis
367 550 499 592 summac
516 529 686 592 custodibus
699 531 787 608 arcis,

102 614 152 676 Ne
168 615 308 691 timeant3
329 635 385 677 nec
402 615 472 696 equi
487 635 577 676 caeca
593 614 755 676 condemur
768 616 800 676 in
815 615 881 677 alvo
897 637 905 677 :

102 699 185 762 Luce
201 701 299 782 palam
315 706 430 762 certum
446 705 492 761 est
506 699 568 781 igni
585 700 769 762 circumdare
784 721 895 762 muros.

102 785 197 847 Haud
211 786 266 846 sibi
281 806 350 847 cum
364 785 478 847 Danais
494 805 558 846 rem
572 784 640 845 faxo
656 791 687 846 et
702 785 780 865 pube
796 784 926 867 Pelasga

102 870 178 932 Esse
190 875 307 952 putent,
320 870 468 932 decimum
483 890 556 951 quos
572 869 687 930 distulit
701 869 818 931 Hector
831 870 863 932 in
877 889 999 932 annum.

102 955 134 1016 N
136 975 193 1017 unc
209 955 294 1033 adeo,
306 956 411 1017 melior
426 955 565 1036 quoniam
579 975 648 1037 pars
664 960 732 1016 acta
747 954 817 1031 diei,

103 1038 190 1113 Quod
206 1047 353 1122 superest,
368 1040 441 1101 laeti
456 1040 531 1101 bene
548 1040 641 1120 gestis
656 1059 780 1120 corpora
795 1039 885 1101 rcbus

101 1124 279 1202 Procurate,
295 1125 361 1201 viri,
374 1131 405 1186 ct
419 1145 551 1208 pugnam
564 1130 683 1205 sperate
698 1125 809 1206 parari.

101 1209 225 1271 Interea
240 1210 364 1291 vigilum
379 1210 511 1271 excubiis
526 1209 661 1271 obsidere
676 1216 777 1291 portas

103 1294 186 1357 Oura
200 1295 289 1356 datur
304 1294 455 1377 Messapo,
472 1301 503 1356 et
517 1294 633 1356 moenia
648 1294 769 1375 cingere
784 1293 920 1356 flammis.

101 1379 155 1442 Bis
169 1386 284 1462 septem
298 1380 414 1457 Rutuli,
427 1400 526 1450 muros
542 1380 594 1461 qui
608 1380 700 1440 milite
716 1385 848 1456 servent,

101 1464 239 1539 Delecti3
263 1472 309 1527 ast
323 1465 388 1527 illos
404 1465 522 1526 centeni
538 1485 686 1546 quemque
702 1471 870 1546 sequuntur

101 1549 251 1632 Purpurei
266 1550 364 1612 cristis
374 1551 503 1632 juvenes
518 1570 650 1631 auroque
667 1549 795 1611 corusci.

101 1633 294 1712 Discurrunt,
309 1635 485 1717 variantque
497 1635 589 1713 vices,
605 1634 723 1715 fusique
738 1656 793 1716 per
804 1634 928 1696 herbam

99 1719 265 1802 Indulgent
280 1720 359 1798 vino,
375 1727 406 1781 et
420 1726 544 1782 vertunt
559 1726 691 1782 crateras
707 1720 828 1782 ahenos.

101 1803 259 1867 Collucent
273 1805 375 1886 ignes3
397 1811 517 1867 noctem
532 1804 668 1867 custodia
683 1805 766 1867 ducit

99 1889 270 1952 Insomnem
280 1891 361 1952 ludo.

144 1975 231 2037 Haec
247 1996 369 2057 supere
384 1977 461 2038 vallo
476 1981 669 2059 prospectant
684 1975 788 2052 Trods,
804 1981 835 2038 et
847 1976 936 2039 armis

99 2059 175 2122 Alta
189 2067 303 2139 teuent,
318 2081 375 2123 nec
390 2082 450 2122 non
465 2061 575 2142 trepidi
588 2061 745 2122 formidine
760 2067 861 2144 portas

100 2146 276 2228 Explorant,
289 2152 455 2228 pontesque
471 2152 502 2207 et
517 2146 743 2227 propugnacula
753 2147 897 2229 jungunt,

99 2231 174 2293 Tela
188 2237 308 2312 gerunt.
354 2230 474 2293 Instant
488 2229 665 2292 Mnestheus
681 2251 812 2313 acerque
831 2229 982 2308 Serestus,

100 2314 181 2387 Quos
196 2322 284 2398 pater
297 2315 431 2395 Aeneas,
447 2316 472 2378 si
487 2315 606 2397 quando
621 2316 750 2378 adversa
764 2321 917 2393 vocarent,

99 2401 244 2462 Rectores
254 2403 401 2483 juvenum
417 2408 448 2462 et
462 2422 563 2462 rerum
578 2400 661 2462 dedit
676 2421 741 2462 esse
756 2401 925 2482 magistros

101 2484 205 2548 Omnis
220 2507 275 2567 pcr
290 2507 389 2547 muros
404 2487 494 2567 legio,
509 2486 615 2547 sortita
629 2485 784 2568 periclum,

100 2571 240 2632 Excubat
255 2576 436 2652 exercetque
452 2571 545 2648 vices,
561 2571 641 2652 quod
656 2571 764 2653 cuique
780 2569 924 2634 tuendum
941 2576 997 2633 est.
1110 2591 1125 2608 .

99 2656 191 2717 Nisus
208 2662 273 2717 erat
288 2661 392 2737 portae
409 2662 519 2733 custos,
536 2656 699 2718 acerrimus
715 2657 816 2735 armis,

99 2740 297 2821 Hyrtacides,
314 2741 452 2802 comitem
467 2741 593 2802 Aeneae
609 2761 699 2822 quem
714 2741 836 2803 miserat
853 2741 910 2802 Ida

99 2824 259 2902 Venatrix,
270 2826 372 2907 jaculo
385 2827 514 2886 celerem
528 2826 702 2906 levibusque
719 2827 834 2907 sagittis
849 2847 857 2901 3

99 2910 141 2970 Et
150 2911 240 2991 juxta
254 2930 352 2970 comes
368 2909 533 2992 Euryalus,
547 2931 605 2991 quo
620 2910 772 2992 pulchrior
787 2913 863 2973 alter

99 2994 171 3056 Non
185 2995 242 3055 fuit
256 2993 448 3073 Aeneadum,
460 2995 589 3077 Trojano
604 3016 701 3076 neque
718 2995 815 3057 induit
830 3017 923 3075 arma,

101 3078 164 3141 Ora
179 3100 254 3161 puer
268 3079 364 3160 prima
378 3079 500 3160 signans
515 3081 633 3141 intonsa
643 3081 781 3161 juventa.
872 3148 874 3151 .

98 3164 157 3225 His
174 3184 255 3225 amor
270 3184 347 3226 unus
363 3174 439 3242 erat,
455 3165 627 3246 pariterque
643 3165 675 3225 in
688 3165 767 3227 bella
782 3165 930 3241 ruebant3

98 3249 175 3309 'lum
192 3269 310 3330 quoque
327 3250 475 3311 communi
489 3256 606 3332 portam
621 3250 749 3311 statione
761 3251 915 3312 tenebant.

99 3333 193 3394 Nisus
209 3334 270 3395 ait:
294 3332 373 3394 Dine
389 3335 469 3396 hunc
485 3335 622 3396 ardorem
636 3335 785 3397 mentibus
800 3336 927 3413 addunt,

99 3417 245 3500 Euryale,
262 3439 301 3479 an
316 3439 371 3479 sua
386 3421 493 3501 cuique
510 3420 585 3481 deus
599 3421 634 3480 fit
649 3419 715 3482 dira
730 3420 862 3503 cupido?
1094 3439 1140 3486 185

97 3503 164 3563 Aut
179 3523 322 3584 pugnam,
338 3509 390 3564 aut
405 3504 517 3586 aliquid
527 3505 592 3587 jam
607 3504 721 3566 dudum
735 3506 878 3567 invadere
894 3525 1036 3585 magnum

98 3587 188 3648 Mens
204 3589 299 3668 agitat
314 3588 396 3665 mihi,
412 3611 468 3651 nco
485 3590 603 3671 placida
619 3596 760 3651 contenta
775 3591 876 3671 quiete
892 3595 948 3650 est.

99 3673 217 3750 Cernis,
234 3693 311 3754 quae
326 3673 454 3736 Rutulos
469 3676 579 3736 habeat
593 3674 704 3736 fiducia
718 3694 837 3734 rerum:

96 3757 226 3819 Lumina
240 3778 310 3819 rara
324 3758 436 3821 micant
449 3780 457 3834 ;
481 3781 582 3822 somno
597 3760 726 3841 vinoque
743 3758 831 3821 soluti

485 3844 549 3906 21*
