2496 4334
450 271 612 320 sanantes
637 271 704 318 na.
725 269 787 318 XII.

98 422 153 488 Bis
167 445 276 507 magna
290 423 363 488 vieti
377 445 479 508 pugna
493 425 543 487 vix
556 425 630 487 urbe
645 430 765 487 tuemur

100 507 177 591 Spes
192 510 296 588 Italas,
312 512 446 572 recalent
460 516 560 572 nostro
575 509 714 572 Tiberina
729 511 842 571 fluenta

100 592 254 676 Sanguine
270 595 380 673 adhuc,
395 594 551 677 campique
566 594 703 675 ingentes
718 594 832 656 ossibus
848 593 959 655 albent.

99 675 166 749 Quo
181 680 295 741 referor
309 680 396 742 toties
409 679 422 741 ‘l
435 700 522 762 quae
537 687 668 741 mentem
682 679 797 741 insama
811 677 933 740 mutat?

101 761 135 825 si
150 762 250 826 Turno
262 764 407 840 exstincto
421 765 515 827 socios
530 784 596 825 sum
610 763 726 826 adscire
741 770 875 846 paratae,

99 846 163 908 Cur
177 869 236 910 non
247 848 389 910 incolumi
402 849 499 931 potius
515 848 678 911 certamina
692 847 789 911 tollo?

99 929 179 1003 Quid
193 933 405 1015 consanguinei
419 933 536 1011 Rutuli,
551 932 623 1014 quid
639 939 742 995 cet-era
756 933 837 996 dicet

97 1016 199 1095 Italia,
215 1017 254 1080 ad
267 1025 392 1081 mortem
407 1019 432 1080 si
446 1024 477 1080 te
488 1053 528 1063 -
541 1017 616 1080 Fors
630 1017 712 1080 dicta
725 1018 838 1080 refutet
851 1016 858 1082 l
870 1051 915 1063 —-

98 1096 297 1181 Prodiderim,
313 1109 414 1165 natam
430 1109 461 1164 et
475 1103 621 1164 connubia
635 1109 738 1165 nostra
751 1101 930 1185 petentem?

97 1185 227 1268 Respice
243 1207 292 1249 res
306 1188 383 1250 bello
399 1188 517 1263 varias3
539 1187 680 1250 miserere
696 1188 829 1270 parentis

98 1270 263 1352 Longaevi,
278 1292 368 1354 quem
378 1293 457 1334 nune
472 1278 619 1334 maestum
633 1273 732 1355 patria
747 1272 852 1336 Ardea
866 1274 955 1357 longe

98 1355 224 1419 Dividit.
269 1357 513 1439 Haudquaquam
528 1356 615 1419 dictis
630 1357 771 1419 violentia
785 1359 880 1421 Turni

98 1440 259 1519 Flectitur,
275 1449 435 1524 exsuperat
449 1441 556 1523 magis,
571 1443 779 1524 aegrescitque
793 1443 951 1506 medendo.

99 1525 147 1588 Ut
161 1526 287 1608 primum
301 1526 360 1589 fari
375 1527 483 1609 potuit,
498 1527 540 1589 sic
555 1527 663 1589 instit't
676 1548 748 1590 ore:
938 1603 941 1608 Ι

100 1609 199 1683 Quam
213 1632 266 1694 pro
280 1632 328 1674 me
343 1632 445 1674 curam
460 1612 550 1694 geris,
565 1612 642 1674 hano
657 1633 774 1693 precor,
789 1613 911 1694 optime,
925 1633 980 1697 pro
994 1633 1042 1676 me

99 1695 253 1778 Deponas,
267 1697 419 1780 letumque
435 1697 514 1759 sinas
529 1718 583 1779 pro
597 1697 686 1759 laude
702 1697 824 1780 pacisci.

100 1781 144 1844 Et
158 1802 211 1845 nos
226 1783 298 1861 tela,
312 1789 409 1865 pater,
424 1783 596 1864 ferrumque
612 1781 694 1844 haud
709 1783 806 1844 debile
822 1783 929 1846 dextra

103 1865 288 1948 spargimus,
306 1873 337 1930 et
350 1874 450 1936 nostro
465 1868 600 1950 sequitur
615 1868 652 1930 de
667 1868 791 1930 vulnere
807 1868 938 1951 sanguis.

100 1950 205 2032 Longe
220 1951 335 2014 illi-dea
348 1959 446 2015 mater
460 1953 528 2031 erit,
545 1973 622 2034 quae
637 1953 716 2014 nube
731 1953 872 2034 fugacem

99 2035 244 2098 Feminea
257 2042 353 2118 tegat,
368 2043 400 2100 et
413 2037 497 2099 vanis
512 2057 577 2099 sese
593 2039 711 2100 occulat
725 2038 848 2101 umbris.

100 2120 147 2183 At
161 2122 276 2203 regina,
290 2143 368 2185 nova
381 2142 500 2205 pugnae
517 2122 678 2189 conterrita
693 2129 784 2202 sorte,

99 2204 220 2285 Flebat,
236 2213 267 2268 et
282 2206 437 2269 ardentem
452 2227 597 2289 generum
611 2207 756 2270 moritura
770 2208 913 2270 tenebat:

101 2291 215 2369 Tame,
230 2312 285 2373 per
299 2293 353 2354 has
369 2313 424 2374 ego
439 2299 470 2354 te
485 2293 644 2375 lacrymas,
659 2314 714 2375 per
728 2294 754 2355 si
769 2293 835 2375 quis
849 2292 979 2356 Amatae

101 2376 213 2458 Tangit
226 2377 319 2440 honos
334 2378 463 2438 animum
476 2398 598 2459 -spes
613 2384 647 2440 tu
661 2398 740 2440 nune
756 2399 827 2455 una,
842 2385 983 2440 senectae

102 2460 150 2522 Tu
164 2461 283 2543 requies
297 2463 422 2524 miserae
437 2482 445 2538 ;
468 2461 560 2524 decus
575 2461 790 2546 imperiumque
806 2463 906 2525 Latini

102 2545 146 2607 Te
162 2566 275 2627 penes3
297 2546 328 2607 in
343 2553 374 2608 te
390 2547 483 2608 omnis
499 2547 603 2608 domus
617 2547 760 2610 inclinata
774 2547 923 2610 recumbit
932 2583 976 2596 -

102 2629 207 2694 Unum
222 2651 293 2692 oro:
318 2632 427 2694 desiste
443 2653 563 2693 manum
578 2633 763 2695 committere
778 2633 913 2696 Teucris.

103 2714 163 2788 Qui
178 2722 208 2777 te
224 2736 351 2798 cumque
367 2723 490 2778 manent
503 2717 559 2778 isto
575 2717 736 2779 certamine
753 2737 851 2795 casus,

103 2799 146 2862 Et
159 2821 218 2879 me,
234 2800 346 2881 Turne,
361 2808 502 2863 manent:
526 2801 614 2863 simul
627 2802 702 2863 haec
717 2801 812 2864 invisa
825 2801 992 2885 relinquam

103 2883 247 2963 Lumina,
255 2906 312 2948 neo
328 2907 472 2969 generum
486 2886 617 2947 Aenean
631 2887 750 2968 captiva
763 2887 881 2950 videbo.

102 2969 235 3052 Accepit
249 2991 352 3034 vocem
368 2971 506 3054 lacrymis
521 2969 647 3032 Lavinia
660 2972 764 3033 matris

102 3054 282 3136 Flagrantes
296 3056 418 3138 perfusa
432 3075 536 3136 genas,
553 3055 601 3117 cui
615 3055 758 3137 plurimus
773 3055 875 3137 ignem

105 3138 241 3222 Subjecit
255 3141 355 3219 rubor,
371 3147 402 3202 et
416 3141 563 3202 calefacta
577 3160 697 3221 perora
712 3140 855 3202 cucurrit.

103 3224 215 3287 Indum
230 3226 392 3307 sanguineo
406 3225 500 3287 veluti
514 3225 669 3288 violaverit
683 3230 763 3287 ostro

106 3309 140 3373 Si
156 3311 221 3393 quis
238 3311 322 3388 ebur,
338 3317 391 3372 aut
404 3311 498 3372 mixta
512 3310 621 3372 rubent
635 3310 686 3371 ubi
700 3309 762 3372 lilia
775 3310 870 3374 multa

104 3394 187 3457 Alba
201 3415 269 3457 rosa
282 3417 289 3457 :
312 3397 387 3457 tales
401 3396 486 3476 virgo
501 3395 592 3457 dabat
605 3416 656 3457 ore
672 3396 795 3457 colores.

105 3480 196 3542 Illum
210 3480 312 3542 turbat
327 3500 419 3556 amor,
435 3480 560 3561 figitque
575 3480 607 3541 in
621 3480 735 3561 virgine
751 3481 862 3541 vultus.

105 3565 206 3627 Ardet
220 3565 251 3625 in
266 3585 349 3626 arma
363 3564 469 3645 magis,
485 3564 646 3646 paucisque
662 3565 770 3625 affatur
783 3562 926 3626 Amatam
939 3586 947 3627 z

105 3649 168 3727 Ne,
184 3669 305 3730 quaeso,
320 3670 357 3710 ne
372 3670 420 3710 me
435 3649 576 3730 lacrymis
590 3669 666 3710 neve
682 3648 779 3709 omine
795 3654 878 3710 tanto

106 3734 294 3816 Prosequere
310 3733 341 3795 in
356 3734 424 3796 duri
438 3733 602 3796 certamina
616 3732 724 3794 Martis
739 3737 871 3812 euntem,
