2496 4334
449 258 610 304 AENEIDOS
634 258 699 304 LIB.
726 258 788 305 VII.

97 411 290 494 innectitque
307 431 417 489 comas,
433 417 464 473 et
479 412 619 474 membris
633 411 765 474 lubricus
780 418 871 476 errat.

99 497 149 560 Ao
166 496 237 558 dum
251 496 345 579 prima
359 498 424 559 lues
439 496 498 559 udo
513 497 651 580 sublapsa
666 518 781 560 veneno

99 582 261 644 Perteutat
275 602 389 660 sensus,
406 588 496 664 atque
512 583 625 645 ossibus
639 583 771 665 imphcat
785 583 897 664 ignem,

100 666 242 729 Necdum
257 666 371 728 animus
386 673 448 729 toto
463 667 598 749 percepit
611 675 733 750 pectore
748 669 907 747 dammam,

101 751 233 829 Mallius,
249 758 280 813 ιι
267 752 378 814 tsolito
393 758 522 814 matrum
537 753 574 814 de
590 773 682 831 more,
696 754 892 835 loquuta,
836 759 882 815 est

101 836 201 899 Multa
215 858 306 919 super
319 843 408 899 natae
429 837 598 920 lacrymans
613 838 813 921 Phrygiisque
829 801 1022 923 hymenaeis.

103 921 300 984 Exsulibusne
315 922 368 985 dat
355 928 405 983 tur
420 922 558 985 ducenda
572 922 698 985 Lavinia
712 922 847 1002 Teucris,

103 1006 290 1089 Ogenitor?
312 1028 368 1069 nec
384 1013 414 1070 te
429 1007 536 1069 misere
538 1014 734 1105 tgnataeque
750 1008 877 1090 tuique?

102 1091 170 1154 Nec
184 1099 248 1154 mat
247 1093 288 1154 ris
303 1093 435 1170 miseret,
451 1093 650 1175 quamprimo
665 1094 803 1190 aquilone
821 1095 971 1178 relinquet

103 1177 252 1256 Perfidus,
268 1179 395 1239 altat
343 1184 395 1259 pet
396 1198 448 1239 cns
464 1177 635 1240 abducta'
608 1179 722 1259 virgine
737 1178 873 1260 praedo?
969 1204 972 1209 ⁹

102 1261 148 1324 At
135 1268 221 1324 tnon
236 1263 277 1325 sic
294 1262 446 1346 Phrygius
461 1268 552 1344 penct
552 1268 600 1325 ιιι
539 1263 843 1326 ttLacedaemona
856 1271 970 1348 pastor,

104 1347 312 1430 Ledaeamque
328 1347 477 1410 Helenam
492 1347 560 1410 Tro
546 1369 634 1431 Janas
649 1349 730 1411 vexit
717 1349 784 1411 tad
799 1349 898 1414 urbes.

105 1431 183 1505 Quid
198 1440 251 1495 tua
266 1438 370 1495 sancta
383 1431 484 1495 fides?
507 1433 579 1515 quid
595 1454 668 1495 cura
682 1432 805 1516 antiqua
820 1440 951 1515 tuorum,

104 1517 146 1580 Et
160 1518 379 1600 consanguineo
394 1518 482 1580 toties
498 1517 569 1580 data
580 1518 705 1581 dextera
719 1518 842 1582 Turno?

106 1601 139 1664 Si
154 1625 247 1686 gener
262 1610 387 1666 externa
401 1604 513 1686 petitur
529 1603 566 1666 de
582 1611 672 1685 gente
688 1602 814 1683 Latinis,

104 1689 201 1773 quue
218 1688 314 1766 sedet,
330 1688 485 1770 Faunique
500 1695 640 1771 premunt
654 1695 685 1751 te
696 1689 782 1771 J‘ussa
796 1691 948 1772 parentis:

106 1775 233 1838 Omnem
248 1773 385 1856 equidem
400 1775 525 1856 sceptris
540 1780 652 1836 terram
667 1795 743 1856 quae
758 1774 853 1837 libera
866 1775 975 1840 nostris

104 1859 250 1937 Dissidet,
266 1865 420 1921 externam
434 1880 512 1937 reor,
528 1865 559 1920 et
573 1859 614 1922 sic
631 1858 731 1921 dicere
747 1859 839 1922 divos.

104 1946 146 2008 Et
161 1945 272 2022 Turno,
288 1944 313 2006 si
327 1944 423 2026 prima
437 1943 541 2006 domus
555 1950 709 2026 repetatur
723 1945 818 2027 origo,

105 2031 236 2093 Inachus
252 2028 448 2111 Acrisiusque
464 2034 575 2112 patres,
590 2029 765 2112 mediaeque
781 2029 942 2114 Mycenae.

147 2115 206 2177 His
221 2115 272 2178 ubi
286 2114 488 2196 nequidquam
502 2114 589 2177 dictis
605 2121 730 2197 experta
748 2114 889 2178 Latinum

106 2199 219 2263 Contra
234 2206 313 2262 stare
329 2199 422 2277 videt,
437 2200 615 2282 penitusque
629 2200 660 2261 in
675 2200 791 2262 viscera
805 2201 922 2284 lapsum

107 2284 262 2368 Serpentis
275 2284 382 2346 furiale
397 2285 518 2362 malum,
533 2291 686 2367 totamque
701 2293 849 2368 pererrat,

106 2371 183 2431 Tum
198 2391 268 2432 vero
282 2369 396 2446 infelix,
412 2369 582 2450 ingentibus
597 2370 695 2432 excita
708 2371 857 2447 monstris,

106 2456 286 2517 Immensum
301 2455 364 2516 sine
379 2475 460 2516 more
476 2456 549 2516 furit
562 2456 716 2538 lymphata
736 2476 791 2537 per
806 2457 930 2518 urbem:

107 2540 172 2603 Ceu
188 2541 338 2623 quondam
351 2546 428 2601 torto
443 2541 568 2602 volitans
584 2542 638 2602 sub
653 2541 778 2602 verbere
794 2541 892 2619 turbo,

108 2625 205 2698 Quem
220 2625 305 2707 pueri
318 2645 427 2706 magno
442 2625 473 2687 in
488 2646 563 2708 gyro
575 2646 671 2687 vacua
686 2626 763 2687 atria
778 2626 890 2688 circum

106 2711 222 2773 Intenti
236 2710 307 2771 ludo
323 2718 481 2771 exercent:
505 2711 555 2772 ille
571 2718 655 2772 actus
670 2712 788 2773 habena

108 2795 248 2858 Curvatis
262 2795 359 2856 fertur
373 2795 476 2876 spatiis
490 2816 498 2869 ;
520 2801 621 2877 stupet
635 2796 729 2857 inscia
743 2814 834 2877 supra

107 2881 308 2977 Impubesque
323 2900 440 2954 manus,
455 2880 543 2941 minat
531 2887 562 2942 ta
576 2881 703 2942 volubile
719 2881 852 2953 buxum·

107 2967 192 3026 Dant
207 2966 318 3026 animos
332 2966 449 3046 plagae.
495 2963 566 3026 Non
581 2986 670 3026 cursu
686 2965 805 3046 segnior
820 2964 869 3026 illo

108 3051 169 3112 Per
184 3050 296 3111 medias
311 3050 400 3110 urbes
416 3050 515 3130 agitur
530 3050 711 3147 populosque
726 3051 851 3111 feroces.

108 3134 188 3207 Quin
204 3135 295 3196 etiam
309 3134 340 3194 in
355 3134 454 3212 silvas,
471 3134 606 3196 simulato
621 3135 741 3196 numine
756 3133 882 3210 Bacchi,

107 3219 171 3302 MaJ'
175 3240 208 3280 us
224 3219 330 3280 adorta
343 3209 428 3280 nefas
443 3220 643 3301 majoremque
660 3239 728 3281 orsa
742 3218 884 3296 furorem,

108 3305 275 3381 Evolatet
262 3310 342 3365 ttna
343 3324 391 3365 am
406 3304 551 3366 frondosis
566 3311 648 3366 mont
636 3305 714 3366 tibus
730 3304 824 3381 abdi,

109 3389 204 3462 Quot
192 3390 354 3451 thalamum
370 3389 476 3471 eripiat
492 3389 626 3467 Teucris,
641 3390 806 3488 taedasque
821 3395 917 3450 moret
917 3411 965 3467 ur,

109 3476 192 3537 Evoe
206 3473 346 3537 Bacche!
370 3474 511 3552 frameae,
527 3475 621 3536 solum
636 3481 666 3536 te
682 3475 797 3556 virgine
813 3474 938 3555 dignum

109 3560 307 3622 Vociferans:
334 3560 444 3621 etenim
459 3560 561 3621 molles
577 3560 631 3620 tibi
645 3581 762 3621 sumere
778 3560 909 3641 thyrsos,

108 3645 152 3706 Te
167 3646 228 3706 lust
216 3651 295 3706 trare
312 3645 413 3723 choro,
429 3666 547 3707 sacrum
561 3645 615 3706 tibi
629 3666 752 3727 pascere
769 3643 892 3705 crinem.

108 3730 204 3792 Fama
219 3731 300 3792 volat
287 3693 472 3812 t,funidque
488 3751 629 3793 accensas
644 3736 765 3814 pectore
785 3734 898 3790 matres
