2496 4334
478 311 637 358 nuumoos
667 312 731 358 ma.
762 312 795 358 x.
1076 297 1137 361 263

103 462 187 537 Quae
204 462 312 546 Superi
326 462 493 544 Manesque
508 464 639 526 dabant:
664 484 719 526 cur
732 486 812 527 nunc
828 469 881 526 tua
895 461 1053 546 quisquam

101 548 232 611 Vertere
242 549 328 632 jussa
342 554 451 630 potest,
467 554 520 610 aut
535 569 589 610 cur
602 569 679 610 nova
694 549 822 611 condere
837 547 926 612 fata?
1107 571 1138 618 35

101 632 181 705 Quid
197 639 330 715 repetam
345 639 465 694 exustas
481 633 659 715 Erycinoin
672 633 759 696 litore
774 631 910 697 classes?

101 716 181 789 Quid
194 722 404 799 tempestatum
416 727 522 797 'regem
536 723 700 799 ventosque
715 718 850 782 furentes

100 801 211 863 Aeolia
225 801 348 876 excitos,
364 807 417 862 aut
430 807 529 863 actam
543 802 670 864 nubibus
685 801 785 865 Irim?

100 885 192 947 Nunc
207 885 297 947 etiam
311 883 419 947 Manes
431 885 561 947 -haec
576 886 725 948 intentata
738 888 879 951 manebat

102 968 173 1031 Sors
188 990 288 1031 rerum
297 1003 341 1013 -
351 975 460 1047 movet,
476 978 508 1031 et
522 971 636 1051 superis
651 971 781 1033 immissa
795 977 919 1054 repente

99 1053 219 1116 Allecto
233 1053 346 1116 medias
360 1053 472 1115 Italum
484 1054 631 1116 bacchata
646 1075 701 1136 per
715 1056 813 1117 urbes.

99 1137 153 1199 Nil
167 1158 257 1219 super
270 1138 394 1220 imperio
407 1159 545 1201 moveor:
570 1139 752 1220 speravimus
770 1140 838 1218 ista,

97 1221 180 1283 Dum
193 1223 312 1284 fortuna
326 1222 404 1298 fuit3
427 1223 558 1302 vincant,
574 1244 647 1304 quos
661 1223 781 1286 vincere
795 1223 898 1287 mavis.

100 1304 133 1368 Si
146 1307 229 1368 nulla
244 1313 290 1368 est
304 1307 398 1388 regio,
414 1307 537 1370 Teucris
552 1328 642 1389 quam
657 1307 710 1369 det
724 1307 777 1370 tua
793 1310 903 1393 conjux

96 1391 184 1453 Dura
196 1410 204 1465 3
227 1412 282 1473 per
296 1411 430 1469 eversae,
445 1392 571 1472 genitor,
585 1391 730 1454 fumantia
745 1393 851 1476 Trojae

99 1475 226 1538 Excidia
239 1476 381 1554 obtestor,
397 1476 488 1537 hceat
503 1475 652 1538 dimittere
668 1477 705 1538 ab
720 1477 809 1539 armis

97 1559 282 1622 Incolumem
295 1560 471 1638 Ascanium,
486 1560 576 1622 liceat
590 1581 746 1643 superesse
760 1568 909 1646 nepotem.

97 1643 220 1706 Aeneas
235 1664 307 1706 sane
322 1645 430 1726 ignotis
440 1645 575 1726 jactetur
588 1645 620 1706 in
634 1645 722 1708 undis

99 1727 151 1806 Et,
167 1740 383 1810 quamcumque
398 1729 477 1790 viam
492 1728 610 1790 dederit
623 1729 754 1807 fortuna,
769 1736 934 1812 sequatur3

99 1811 191 1875 Hunc
206 1819 308 1894 tegere
324 1819 356 1874 et
369 1812 452 1875 dirae
467 1814 583 1876 valeam
598 1814 764 1876 subducere
779 1835 908 1897 pugnae.

100 1896 156 1958 Est
170 1896 331 1975 Amathus,
346 1904 393 1959 est
406 1898 487 1960 celsa
500 1898 571 1959 mihi
585 1898 707 1980 Paphus
722 1904 813 1980 atque
829 1899 973 1984 Cythera,

99 1980 273 2063 Idaliaeque
288 1981 411 2044 domus:
435 1982 537 2064 positis
551 1983 693 2063 inglorius
708 1983 797 2045 armis

100 2064 211 2146 Exiget
224 2066 272 2128 hic
289 2086 413 2149 aevum.¹
450 2065 565 2147 Magna
580 2066 694 2128 dicione
708 2066 814 2148 jubeto
840 2104 843 2109 ‹

76 2191 84 2201 .
101 2147 251 2230 Carthago
262 2154 378 2231 premat
391 2150 576 2212 Ausoniam:
599 2151 672 2211 nihil
686 2149 808 2212 urbibus
822 2147 892 2212 inde

101 2231 240 2295 Obstabit
254 2233 361 2316 Tyriis.
408 2233 487 2307 Quid
502 2239 616 2316 pestem
631 2235 760 2296 evadere
774 2233 844 2296 belli

99 2317 121 2379 J
122 2317 186 2378 uvit
201 2323 232 2380 et
244 2316 400 2398 Argolicos
415 2319 546 2381 medium
560 2318 671 2399 fugisse
687 2339 742 2401 per
755 2319 851 2399 ignes,

100 2400 215 2484 Totque
229 2402 318 2463 maris
333 2408 495 2484 vastaeque
511 2403 656 2464 exhausta
670 2403 803 2484 pericula
817 2407 927 2481 terrae,

100 2484 181 2546 Dum
195 2484 313 2546 Latium
327 2485 436 2548 Teucri
450 2486 640 2569 recidivaque
656 2487 806 2568 Pergama
820 2489 994 2569 quaerunt?

99 2569 171 2631 Non
185 2569 287 2647 satius,
303 2570 418 2632 cineres
433 2570 547 2653 patriae
562 2571 705 2633 insedisse
720 2591 872 2654 supremos

99 2653 202 2735 Atque
217 2654 322 2731 solum,
338 2675 396 2735 quo
411 2654 500 2737 Troja
513 2655 571 2716 fuit
583 2653 595 2716 l
640 2655 797 2717 Xanthum
812 2661 843 2717 et
857 2654 1010 2720 Simoenta

100 2737 218 2816 Redde,
233 2759 295 2815 oro,
310 2739 435 2816 miseris,
450 2739 617 2820 iterumque
632 2740 785 2802 revolvere
800 2760 887 2802 casus

99 2821 159 2899 Da,
175 2828 271 2903 pater,
287 2821 395 2884 Iliacos
410 2822 544 2884 Teucris.
589 2823 666 2884 Tum
680 2824 764 2905 regia
778 2824 871 2901 Juno,

98 2904 181 2967 Acta
196 2906 295 2968 furore
311 2906 395 2987 gravi
408 2929 415 2968 :
440 2904 520 2978 Quid
533 2928 582 2968 me
598 2908 659 2968 alta
673 2908 790 2969 silentia
805 2908 886 2989 cogis

99 2989 250 3071 Rumpere
267 2996 298 3052 et
312 2990 472 3052 obductum
487 2991 585 3052 verbis
600 2991 723 3071 vulgare
739 2990 893 3053 dolorem?

97 3073 226 3135 Aenean
240 3073 390 3135 hominum
405 3075 561 3156 quisquam
576 3073 735 3155 divumque
751 3075 869 3155 subegit

98 3156 185 3219 Bella
201 3157 297 3238 sequi,
312 3163 365 3218 aut
377 3158 492 3219 hostem
505 3157 571 3238 regi
585 3178 617 3220 se
632 3158 743 3221 inferre
758 3157 890 3221 Latino?

98 3240 217 3302 Italiam
232 3240 317 3322 petiit
331 3241 400 3302 fatis
415 3243 603 3304 auctoribus:
621 3248 706 3318 esto;

99 3323 285 3386 Cassandrae
299 3325 442 3405 impulsus
456 3325 550 3388 furiis.
596 3325 679 3388 Num
693 3327 827 3409 linquere
843 3331 942 3390 castra
1066 3341 1069 3343 ’

98 3407 219 3469 Hortati
234 3428 346 3486 sumus,
362 3416 414 3470 aut
428 3411 520 3471 vitam
535 3410 718 3473 committere
733 3409 856 3474 ventis?

97 3491 180 3553 Num
195 3513 287 3574 puero
302 3514 445 3554 summam
460 3494 541 3573 belli,
556 3516 628 3555 num
643 3495 767 3556 credere
781 3515 892 3572 muros,
1102 3512 1134 3558 70

97 3573 344 3658 Tyrrhenamque
359 3578 449 3638 fidem
464 3585 516 3640 aut
530 3585 636 3660 gentes
651 3579 766 3660 agitare
782 3577 926 3660 quietas?

97 3657 171 3730 Quis
186 3660 260 3721 deus
275 3661 307 3720 in
320 3660 468 3738 fraudem,
484 3683 560 3743 quae
576 3663 652 3724 dura
666 3662 799 3744 potentia
813 3662 908 3723 nostri

96 3743 194 3824 Egit?
216 3745 267 3806 ubi
281 3744 329 3805 hic
344 3744 367 3806 J
367 3766 436 3822 uno,
452 3745 616 3809 demissave
631 3746 758 3808 nubibus
773 3744 855 3808 Iris?
