2496 4334
471 280 631 328 AENEIDOS
646 282 711 328 ΗΒ.
736 282 797 329 v11.

107 430 240 515 Vipereo
255 433 358 516 generi
374 439 406 496 et
420 434 553 515 graviter
567 433 746 517 spirantibus
761 434 867 519 hydris

110 515 259 600 Spargere
276 519 327 601 qui
341 540 457 582 somnos
469 527 618 603 cantuque
638 541 787 602 manuque
803 521 927 600 solebat,

107 601 320 686 Muloebatque
336 604 394 666 iras
411 611 442 666 et
456 626 570 667 morsus
585 611 650 667 arte
665 606 794 668 levabat.
864 659 867 665 .
1096 625 1144 672 ⁷55

110 685 171 749 Sed
185 709 245 750 non
259 688 430 751 Dardaniae
446 690 589 752 medicari
604 690 733 772 cuspidis
747 691 841 753 ictum

109 771 241 851 Evaluit,
255 795 353 855 neque
370 795 437 836 eum
447 776 554 858 juvere
572 775 604 836 in
618 777 743 837 vulnera
758 782 864 838 cantus

110 854 277 938 Somniferi,
293 866 324 921 et
337 858 447 922 Marsis
462 860 614 942 quaesitae
630 861 778 923 montibus
792 860 915 923 herbae.

107 941 267 1005 Tenemus
281 943 457 1026 Anguitiae,
473 945 569 1007 vitrea
583 951 614 1006 te
629 945 761 1007 Fucinus
776 946 868 1024 unda,

106 1025 148 1089 Te
164 1027 268 1109 liquidi
282 1029 392 1091 flevere
407 1030 500 1092 lacus.

147 1109 217 1174 Ibat
232 1119 263 1174 et
278 1113 435 1197 Hippolyti
450 1117 547 1197 proles
562 1114 762 1197 pulcherrima
775 1114 866 1194 bello,

105 1194 239 1275 Virbius,
254 1197 400 1280 insignem
415 1220 505 1281 quem
519 1207 615 1262 mater
629 1200 736 1262 Aricia
749 1200 840 1280 misit,

106 1280 257 1344 Eductum
273 1283 401 1364 Egeriae
416 1285 490 1346 lucis
504 1286 657 1347 humentia
671 1285 784 1347 circum

104 1364 218 1445 Litora,
233 1368 351 1449 pinguis
360 1369 411 1430 ubi
426 1376 457 1430 et
471 1370 622 1451 placabilis
637 1390 690 1431 ara
704 1370 831 1431 Dianae.

104 1449 245 1534 Namque
258 1453 361 1515 ferunt
374 1454 455 1515 fama
469 1454 678 1537 Hippolytum,
686 1460 844 1537 postquam
853 1457 917 1516 arte
926 1471 1073 1516 novercae
1091 1469 1139 1520 765

105 1533 269 1616 Occiderit,
284 1539 454 1621 patriasque
470 1540 596 1621 explerit
610 1540 755 1622 sanguine
770 1557 883 1622 poenas

104 1620 244 1684 Turbatis
259 1623 419 1686 distractus
434 1625 529 1706 equis,
545 1623 584 1686 ad
599 1624 698 1687 sidera
712 1645 815 1687 rursus

103 1704 250 1769 Aetheria
264 1714 296 1770 et
309 1729 433 1791 superas
449 1709 522 1771 coeli
537 1710 652 1772 venisse
669 1710 723 1771 sub
738 1730 838 1788 auras,
950 1721 954 1730 “

103 1790 240 1854 Paeoniis
255 1798 427 1855 revocatum
440 1793 540 1856 herbis
556 1800 587 1856 et
602 1815 701 1856 amore
717 1794 844 1857 Dianae.

102 1875 180 1938 Tum
194 1877 287 1939 Pater
301 1878 495 1960 omnipoteus,
511 1879 640 1961 aliquem
654 1879 826 1961 indignatus
841 1879 879 1942 ab
894 1875 1006 1939 umbris

102 1958 263 2040 Mortalem
277 1963 400 2025 infernis
416 1963 455 2025 ad
470 1964 582 2026 lumina
596 1979 720 2047 surgere
736 1966 826 2044 vitae,

102 2045 173 2128 Ipse
188 2053 371 2129 repertorem
386 2047 550 2111 medicinae
566 2051 634 2112 talis
650 2056 681 2112 et
695 2051 768 2112 artis

101 2131 238 2194 Fulmine
255 2132 478 2214 Phoebigenam
495 2132 617 2217 Stygias
633 2135 761 2197 detrusit
776 2134 815 2195 ad
825 2130 932 2194 undas.

100 2216 147 2278 At
161 2217 262 2279 Trivia
275 2218 474 2300 Hippolytum
489 2219 612 2282 secretis
627 2221 705 2281 alma
719 2218 854 2282 recondit

103 2300 241 2379 Sedibus,
258 2316 287 2364 et
301 2303 450 2386 nymphae
466 2303 595 2385 Egeriae
610 2305 782 2386 nemorique
798 2304 926 2384 relegat,

103 2385 190 2448 Solus
205 2386 256 2448 ubi
270 2387 301 2448 in
315 2387 395 2450 silvis
410 2387 496 2449 Italis
511 2389 647 2469 ignobilis
667 2410 775 2450 aevum

101 2471 257 2552 Exigeret,
272 2493 416 2554 versoque
433 2473 484 2533 ubi
498 2475 615 2536 nomine
631 2474 753 2535 Virbius
769 2477 858 2535 esset.

100 2554 190 2617 Unde
207 2557 296 2617 etiam
307 2558 418 2638 templo
433 2557 552 2619 Triviae
567 2559 700 2640 lucisque
717 2557 843 2620 sacratis

101 2640 284 2722 Cornipedes
300 2648 441 2703 arcentur
456 2643 536 2725 equi,
553 2644 632 2726 quod
645 2645 730 2705 litore
746 2663 869 2704 currum

99 2724 142 2786 Et
151 2726 297 2807 juvenem
310 2727 449 2789 monstris
464 2728 564 2809 pavidi
579 2728 710 2790 effudere
725 2727 858 2789 marinis.

98 2809 193 2871 Filius
209 2809 348 2872 ardentes
363 2811 445 2872 haud
461 2812 557 2874 secius
573 2833 701 2894 aequore
718 2812 816 2893 campi

99 2893 271 2956 Exercebat
282 2916 384 2976 equos,
401 2916 550 2979 curruque
566 2898 597 2958 in
611 2898 690 2959 bella
704 2897 822 2959 ruebat.

143 2979 214 3061 Ipse
229 2980 307 3041 inter
322 2980 430 3062 primos
446 2982 610 3062 praestanti
626 3001 748 3062 corpore
764 2981 882 3043 Turnus

99 3063 241 3125 Vertitur
256 3085 339 3126 arma
353 3071 471 3142 tenens,
487 3072 518 3127 et
533 3072 595 3128 toto
610 3066 721 3127 vertice
738 3086 830 3148 supra
841 3069 906 3126 est:

100 3147 158 3216 Cui
173 3149 283 3230 triplici
298 3149 405 3210 crinita
414 3150 490 3231 juba
504 3152 591 3230 galea
606 3151 667 3211 alta
682 3149 871 3212 Chimaeram

101 3230 247 3310 Sustinet,
262 3231 416 3295 Aetnaeos
431 3234 581 3295 efflante1n
595 3235 729 3296 faucibus
743 3235 841 3317 ignes,

99 3316 173 3377 'Pam
188 3317 283 3398 magis
298 3317 349 3378 illa
363 3319 504 3396 fremens,
520 3325 551 3381 et
566 3319 697 3382 tristibus
712 3321 805 3382 effera
817 3315 953 3393 flammis,

100 3400 197 3473 Quam
211 3402 307 3484 magis
323 3403 413 3465 effirso
430 3404 612 3466 crudescunt
626 3405 769 3486 sanguine
785 3423 915 3488 pugnae.

97 3486 143 3548 At
158 3487 255 3548 levem
270 3488 408 3569 clypeum
423 3489 547 3551 sublatis
563 3490 699 3552 cornibus
714 3491 749 3553 Io

97 3571 184 3633 Auro
199 3571 369 3651 insignibat,
380 3573 444 3655 jam
459 3574 530 3634 setis
545 3573 650 3652 obsita,
662 3575 809 3657 jambos,

97 3655 321 3735 Argumentum
334 3656 452 3737 ingens,
467 3662 499 3719 et
513 3664 612 3720 custos
626 3660 748 3740 virgims
762 3659 877 3742 Argus,

99 3740 282 3822 Caelataque
298 3761 415 3802 amnem
430 3742 559 3804 fundens
573 3749 659 3826 pater
673 3745 804 3806 Inachus
819 3764 904 3805 urna.

481 3825 543 3887 19*
