2496 4334
446 253 475 300 P.
500 251 642 299 VIRGILII
663 251 808 300 ursolus

409 573 817 691 ¹Anuurnos

465 819 577 874 LIBER
595 819 791 872 SEPTIMUS.

105 996 153 1058 Tu
167 1018 285 1079 quoque
300 995 433 1058 litoribus
448 996 567 1075 nostris,
583 995 701 1058 Aeneia
714 994 827 1075 nutrix,

104 1081 272 1144 Aeternam
286 1082 414 1144 moriens
429 1081 550 1160 famam,
567 1079 683 1159 Caieta,
699 1080 809 1142 dedisti
822 1101 830 1156 ;

105 1165 146 1228 Et
160 1188 239 1228 nunc
255 1174 357 1229 servat
370 1168 463 1229 honos
478 1166 580 1229 sedem
595 1172 676 1243 tuus,
691 1186 817 1248 ossaque
832 1187 941 1228 nomen

103 1251 255 1333 Hesperia
268 1252 299 1313 in
313 1272 433 1333 magna,
449 1251 475 1313 si
489 1272 550 1333 qua
564 1257 611 1312 est
626 1271 662 1312 ea
676 1251 782 1332 gloria,
798 1250 906 1333 signat.

102 1335 148 1398 At
164 1338 229 1420 pius
244 1337 393 1419 exsequiis
407 1336 530 1399 Aeneas
546 1336 608 1397 rite·
617 1337 732 1414 solutis,

102 1420 228 1503 Aggere
244 1423 405 1504 composito
420 1422 537 1500 tumuli,
552 1427 709 1503 postquam
725 1423 785 1483 alta
801 1421 942 1503 quierunt

102 1506 257 1589 Aequora,
273 1507 371 1569 tendit
385 1508 444 1569 iter
459 1507 544 1585 velia,
560 1512 738 1589 portumque
754 1506 906 1588 relinquit.

102 1591 271 1674 Adspirant
286 1613 376 1654 aurae
392 1593 423 1654 iu
437 1597 567 1670 noctem,
581 1612 637 1654 neo
654 1591 782 1654 candida
797 1612 902 1654 cursus

103 1675 191 1740 Luna
204 1683 316 1760 negat;
338 1677 476 1760 splendet
491 1677 617 1739 tremulo
632 1677 687 1739 sub
701 1677 812 1738 lumine
827 1682 944 1760 pontus.

102 1761 244 1834 Proxima
259 1762 402 1826 Circaeae
417 1762 565 1825 raduntur
578 1762 666 1824 litora
680 1767 791 1841 terrae,

102 1847 196 1910 Dives
210 1848 378 1911 inaccessos
393 1848 444 1910 ubi
461 1845 537 1910 Solis
551 1847 613 1909 filia
630 1848 712 1909 lucos

102 1933 234 1995 Assiduo
249 1939 368 1996 resonat
383 1938 485 2011 cantu,
500 1933 647 2015 tectisque
663 1931 798 2014 superbis

102 2018 174 2081 Urit
189 2019 342 2082 odoratam
357 2024 504 2081 nocturna
518 2018 549 2080 in
563 2018 676 2080 lumina
690 2017 824 2096 cedrum,

102 2104 222 2186 Arguto
237 2111 343 2167 tenues
358 2125 537 2186 percurrens
552 2104 670 2187 pectine
685 2103 771 2165 telas.

101 2189 183 2251 Hine
200 2189 334 2252 exaudiri
349 2190 477 2270 gemitus
491 2189 613 2271 iraeque
628 2189 759 2265 leonum,

101 2274 212 2336 Vincla
226 2280 417 2336 recusantum
432 2280 463 2336 et
478 2295 546 2336 sera
560 2275 614 2336 sub
630 2281 717 2337 noete
733 2273 894 2337 rudentum
907 2294 916 2350 ;

103 2357 311 2441 Saetigerique
326 2380 395 2421 sues
411 2365 502 2442 atque
516 2360 547 2421 in
562 2360 756 2443 praesepibus
770 2360 832 2422 ursi

103 2441 237 2523 Saevire,
253 2466 287 2507 ac
303 2445 415 2507 formae
429 2466 605 2527 magnorum
620 2446 735 2508 ululare
749 2445 908 2528 luporum;

101 2528 182 2602 Quos
197 2531 348 2593 hominum
363 2551 401 2591 ex
415 2531 491 2592 facie
508 2531 565 2592 dea
579 2552 670 2594 saeva
684 2532 853 2613 potentibus
871 2530 971 2593 herbis

99 2615 246 2677 Induerat
261 2614 349 2678 Circe
364 2616 395 2677 in
408 2617 507 2677 vultus
523 2637 558 2678 ac
573 2623 661 2698 terga
674 2617 816 2678 ferarum.

100 2699 185 2773 Quae
201 2723 238 2763 ne
254 2707 386 2763 monstra
401 2700 441 2784 pii
458 2707 635 2783 paterentur
649 2703 721 2764 talia
736 2701 840 2781 Troes,

99 2785 202 2848 Delati
216 2787 247 2848 in
262 2793 376 2869 portus,
391 2808 452 2849 neu
466 2787 554 2849 litora
569 2787 634 2850 dira
654 2788 798 2867 subirent,

100 2870 262 2953 Neptunus
277 2872 373 2933 ventis
389 2872 524 2953 implevit
538 2873 605 2934 vela
620 2872 769 2951 secundis,

99 2955 203 3037 Atque
219 2956 323 3039 fugam
339 2957 423 3019 dedit
437 2963 469 3018 et
483 2964 604 3039 praeter
619 2959 696 3021 vada
710 2958 827 3020 fervida
841 2959 932 3023 vexit.

141 3040 273 3124 Jamque
289 3042 469 3104 rubescebat
483 3042 574 3105 radiis
588 3064 682 3117 mare,
698 3050 729 3106 et
744 3045 865 3107 aethere
881 3046 918 3108 ab
934 3046 994 3108 alto

98 3124 221 3189 Aurora
234 3128 266 3189 in
280 3128 372 3190 roseis
387 3127 523 3210 fulgebat
536 3129 619 3190 lutea
633 3129 730 3211 bigis:

100 3208 200 3282 Quum
215 3213 297 3274 venti
311 3233 449 3295 posuere,
464 3214 617 3295 omnisque
633 3222 757 3297 repente
773 3215 886 3278 resedit

98 3295 215 3374 Fletus,
231 3303 263 3358 et
277 3298 308 3358 in
322 3298 403 3359 lento
417 3298 571 3360 luctantur
585 3320 731 3363 marmore
747 3309 860 3364 tonsae.

99 3379 203 3463 Atque
218 3381 267 3444 hio
284 3381 405 3444 Aeneas
420 3382 572 3463 ingentem
587 3405 625 3446 ex
640 3405 768 3467 aequore
783 3387 885 3448 lucum

99 3465 257 3548 Prospicit.
303 3467 395 3529 Hunc
411 3467 490 3529 inter
504 3469 593 3531 fluvio
609 3469 766 3534 Tiberinus
781 3492 916 3551 amoeno,

100 3550 271 3616 Vertieibus
286 3552 397 3636 rapidis
413 3559 444 3615 et
457 3554 552 3615 multa
566 3555 660 3617 flavus
676 3578 779 3636 arena,

97 3635 136 3698 In
150 3659 233 3700 mare
248 3638 423 3721 prorumpit.
468 3638 581 3702 Variae
597 3640 769 3725 circumque
785 3663 935 3726 supraque

96 3720 246 3786 Assuetae
262 3725 333 3809 ripis
349 3725 484 3788 volucres
499 3732 531 3787 et
544 3727 673 3790 fluminis
688 3729 772 3791 alveo
