2496 4334
462 263 622 310 Andronios
645 264 710 310 me.
734 264 773 310 11.

103 415 264 480 includunt
278 436 369 480 caeco
383 416 482 496 lateri,
497 417 675 500 penitusque
691 438 836 481 cavernas

100 502 244 584 Ingentes
258 509 437 586 uterumque
453 510 566 565 armato
581 503 673 564 mihte
690 505 847 585 complent.

142 588 201 650 Est
212 588 244 650 in
259 594 421 670 conspectu
435 587 583 666 Tenedos,
597 588 750 650 notissima
764 588 844 650 fama

99 671 214 752 Insula,
230 672 314 735 dives
329 693 428 755 opum,
444 673 557 735 Priami
571 673 643 735 dum
657 694 752 754 regna
765 673 937 752 manebant,

98 758 192 820 Nunc
207 765 324 820 tantum
338 758 420 821 sinus
435 766 467 820 et
481 760 569 821 statio
583 759 660 820 male
675 758 736 820 fida
751 759 869 821 earinis.

98 843 171 906 Huc
187 864 219 905 se
234 843 368 926 provecti
381 843 499 906 deserto
512 844 544 906 in
556 843 643 905 litore
658 843 800 906 condunt.

97 928 131 990 N
131 949 164 990 os
177 928 283 991 abiisse
298 928 368 1008 rati,
385 935 417 991 et
431 935 520 991 vento
535 929 654 1011 petiisse
670 928 826 1012 Mycenas.

98 1013 183 1096 Ergo
198 1014 291 1076 omnis
304 1014 394 1096 longo
407 1013 495 1077 solvit
509 1035 541 1076 se
556 1014 685 1076 Teucria
698 1015 792 1075 luctu.

98 1097 281 1161 Panduntur
295 1105 418 1181 portae:
437 1100 526 1182 juvat
540 1099 584 1160 ire
599 1105 631 1160 ct
645 1098 757 1160 Dorica
772 1105 872 1161 castra

97 1183 303 1266 Desertosqne
318 1183 421 1246 videre
436 1185 515 1246 locos
529 1185 659 1267 htusqne
675 1183 822 1245 relictum.

98 1268 161 1331 Hic
176 1267 325 1351 Dolopum
338 1289 456 1348 manus,
470 1270 518 1332 hic
534 1290 641 1332 saevus
656 1269 798 1331 tendebat
811 1267 967 1343 Achilles3

99 1353 252 1416 Olassibus
266 1354 314 1416 hic
329 1355 432 1430 locus3
454 1355 502 1416 hic
518 1355 582 1417 acie
598 1361 714 1416 certare
730 1354 873 1416 solebant.

99 1439 179 1500 Pars
193 1444 294 1521 stupet
307 1439 449 1522 innuptae
464 1439 575 1501 donum
589 1439 707 1501 exitiale
723 1436 890 1518 Minervae,

98 1523 143 1585 Et
156 1524 263 1585 molem
277 1525 424 1586 mirantur
438 1525 507 1607 equi
515 1544 524 1600 ;
546 1525 717 1607 primusque
733 1525 914 1608 Thymoetes

98 1608 181 1670 Duci
195 1609 274 1671 intra
287 1626 387 1672 muros
401 1610 548 1688 hortatur,
564 1617 596 1672 et
609 1630 679 1672 arce
694 1610 786 1672 locari
798 1629 806 1685 ;

100 1691 173 1755 Sive
189 1694 266 1772 dolo,
281 1715 335 1757 seu
345 1695 410 1778 jam
424 1694 530 1778 Trojae
546 1695 588 1757 sic
603 1696 667 1757 fata
681 1695 827 1757 ferebant.

97 1778 146 1840 At
162 1777 273 1863 Capys,
289 1785 320 1841 et
334 1799 460 1862 quorum
473 1779 576 1842 mehor
591 1781 740 1843 sententia
752 1781 856 1859 menti,

97 1864 167 1926 Aut
181 1865 287 1947 pelago
301 1865 441 1929 Danaum
454 1865 575 1928 iusidias
590 1873 787 1949 suspectaque
803 1865 881 1929 dona

98 1949 305 2032 Praecipitare
315 1951 425 2034 jubent
438 1951 638 2035 subjectisque
653 1971 741 2013 urere
755 1952 892 2030 flammis,

97 2034 167 2096 Aut
181 2034 332 2097 terebrare
348 2055 438 2098 cavas
455 2037 534 2098 uteri
549 2043 580 2098 et
594 2042 711 2098 tentare
725 2037 867 2099 latebras.

99 2117 256 2182 Scinditur
269 2121 416 2183 incertum
431 2121 530 2184 studia
543 2122 575 2184 in
589 2122 739 2184 contraria
753 2122 871 2203 vulgus.

144 2204 262 2268 Primus
276 2206 317 2268 ibi
332 2211 401 2268 ante
416 2227 529 2284 omnes,
543 2227 654 2288 magna
668 2207 827 2270 comitante
842 2212 975 2283 caterva,

98 2289 239 2352 Laocoon
252 2291 362 2354 ardens
376 2312 491 2354 summa
506 2291 639 2353 decurrit
652 2292 690 2354 ab
706 2310 795 2367 arce3

99 2376 142 2437 Et
158 2376 276 2457 procul:
302 2375 328 2439 Ο
344 2378 455 2455 miseri,
471 2397 548 2458 quae
562 2383 648 2439 tanta
661 2378 786 2455 insania,
801 2374 906 2439 cives?

100 2459 233 2523 Creditis
248 2468 367 2524 avectos
381 2461 506 2524 hostes?
530 2469 583 2524 aut
596 2464 659 2525 ulla
672 2462 784 2545 putatis

98 2545 189 2608 Dona
203 2566 307 2608 carere
322 2545 396 2610 dolis
411 2546 574 2609 Danaum?
597 2549 638 2610 sio
654 2554 742 2610 notus
758 2544 887 2610 Ulixes?

97 2631 167 2693 Aut
180 2631 236 2693 hoc
251 2631 357 2694 inclusi
369 2633 450 2714 ligno
465 2634 653 2695 occultantur
666 2632 788 2711 Achivi,

98 2715 168 2778 Ant
181 2717 256 2778 haec
273 2717 304 2778 in
318 2724 434 2780 nostros
448 2718 595 2780 fabricata
611 2724 657 2780 est
670 2718 809 2780 machina
822 2735 933 2794 muros,

99 2801 281 2884 Inspectura
297 2802 409 2880 domos,
424 2809 610 2885 venturaque
626 2802 754 2885 desuper
767 2801 853 2875 urbi;

98 2886 167 2949 Ant
182 2887 287 2969 aliquis
301 2888 376 2950 latet
391 2908 493 2963 error3
516 2909 592 2971 equo
607 2909 645 2950 ne
661 2888 785 2965 credite,
802 2885 920 2948 Teucri.
969 2907 973 2915 ·

100 2971 254 3053 Quidquid
268 2972 299 3034 id
315 2979 371 3050 est,
386 2973 477 3034 timeo
491 2972 612 3035 Danaos
628 2979 660 3035 et
674 2973 752 3035 dona
765 2974 907 3035 ferentes.

101 3055 152 3119 Sic
169 3057 260 3135 fatus,
276 3057 382 3120 validis
396 3058 549 3139 ingentem
564 3058 675 3120 viribus
689 3058 806 3120 hastam

99 3141 138 3203 In
152 3142 232 3204 latus
247 3142 336 3225 inque
351 3143 409 3204 feri
424 3163 546 3205 curvam
561 3143 751 3225 compagibus
767 3142 867 3204 alvum

101 3225 263 3289 Contorsit.
312 3227 403 3290 Stetit
417 3228 469 3290 illa
483 3234 626 3305 tremens,
641 3235 786 3310 uteroque
801 3245 922 3288 recusso

100 3312 267 3374 Insonuere
282 3333 374 3376 cavae
390 3313 593 3396 gemitumque
609 3314 719 3376 dedere
735 3332 892 3376 cavernae.

100 3397 153 3475 Et,
170 3397 196 3459 si
209 3396 273 3460 fata
289 3399 390 3477 deum,
406 3398 432 3459 si
445 3419 529 3460 mens
544 3420 604 3460 non
618 3399 705 3461 laeva
718 3398 834 3475 fuisset,
873 3410 875 3415 ⁴

100 3482 268 3563 Impulerat
281 3484 361 3546 ferro
375 3482 536 3564 Argohoas
550 3483 671 3546 foedare
686 3484 835 3559 latebras3

100 3567 250 3650 Trojaque
266 3589 345 3630 nunc
361 3574 468 3646 stares,
481 3569 652 3651 Priamique
669 3590 723 3631 arx
738 3571 798 3632 alta
812 3585 958 3630 maneres.

142 3652 237 3730 Ecce,
252 3674 357 3715 manus
368 3655 511 3736 juvenem
525 3655 642 3716 interea
656 3660 723 3736 post
737 3661 824 3735 terga
837 3651 1005 3714 revinctum

98 3736 242 3801 Pastores
256 3759 365 3821 magno
380 3738 419 3801 ad
434 3759 537 3885 rgqem
552 3740 680 3802 clamore
695 3739 854 3801 trahebant
