2496 4334
457 274 638 320 GEORGIGON
661 274 727 319 LIB.
750 274 797 320 1v.

104 425 267 510 Palmaque
283 427 463 491 vestibulum
478 435 530 491 aut
544 429 650 510 ingens
665 428 794 491 oleaster
807 428 976 494 inumbret:

103 512 145 576 Ut
161 535 255 596 quum
270 515 366 597 prima
381 515 451 576 nori
466 514 578 577 ducent
594 514 730 578 examina
744 536 832 596 reges

100 599 183 662 Vere
201 621 267 678 suo,
283 599 428 682 ludetque
443 600 519 662 favis
536 601 643 662 emissa
652 601 808 683 juventus,

99 684 211 747 Vicina
226 686 333 747 invitet
348 685 496 748 decedere
512 688 577 768 ripa
593 686 694 762 calori,

101 769 259 853 Obviaque
274 772 408 854 hospitiis
423 778 526 834 teneat
539 771 746 834 frondentibus
761 772 859 834 arbos.

98 856 136 918 ln
151 857 298 935 medium,
313 878 368 920 seu
383 858 474 919 stabit
488 858 579 934 iners,
595 879 649 919 seu
665 858 793 939 profluet
807 859 923 936 humor,

99 942 301 1005 Transversas
316 943 423 1005 salices
439 950 470 1005 et
485 943 610 1025 grandia
625 944 738 1028 conjice
755 965 837 1022 saxa,

99 1028 248 1090 Pontibus
263 1035 298 1089 ut
313 1028 425 1090 crebris
440 1030 553 1111 possint
568 1030 742 1107 consistere,
758 1036 790 1091 et
805 1032 867 1092 alas

100 1114 243 1176 Pandere
259 1113 298 1175 ad
314 1115 460 1176 aestivum
476 1116 587 1190 solem3
610 1116 634 1177 si
650 1116 727 1177 forte
743 1123 892 1178 morantes
974 1162 981 1205 ,

101 1199 256 1281 Sparserit
271 1206 323 1262 aut
338 1221 482 1282 praeceps
497 1201 642 1283 Neptuno
656 1201 835 1263 immerserit
850 1202 984 1322 Eurusj¹

100 1285 190 1347 Haeo
207 1286 321 1347 circum
336 1286 434 1348 casiae
451 1287 572 1365 virides,
589 1294 620 1348 et
635 1288 746 1349 olentia
760 1288 821 1349 lato

101 1370 255 1454 Serpylla,
271 1378 302 1433 et
316 1372 450 1453 graviter
464 1372 603 1455 spirantis
619 1373 704 1455 copia
718 1374 876 1456 thymbrae

99 1457 235 1535 Floreat,
250 1457 454 1540 inriguumque
469 1458 573 1520 bibant
588 1459 711 1521 violaria
725 1459 848 1521 fontem.

100 1543 174 1626 Ipsa
190 1549 302 1621 autem,
318 1565 373 1606 seu
388 1544 546 1606 corticibus
562 1544 615 1613 tibi
630 1551 698 1629 suta
713 1545 838 1624 cavatis,

101 1627 165 1691 Seu
179 1630 261 1691 lento
276 1629 389 1691 fuerint
404 1631 534 1692 alvearia
549 1630 657 1692 vimine
666 1626 768 1710 texta,

98 1716 258 1798 Angustos
273 1715 405 1778 habeant
419 1715 528 1778 aditus.
573 1716 655 1778 Nam
669 1716 780 1798 frigore
795 1717 885 1778 mella

100 1801 193 1883 Cogit
206 1802 312 1880 hiems,
328 1801 493 1884 eademque
509 1803 590 1864 calor
604 1802 768 1885 liquefacta
783 1803 918 1864 remittit.

98 1887 240 1969 Utraque
256 1887 301 1949 ris
316 1888 422 1970 apibus
436 1889 550 1970 pariter
564 1888 745 1964 metuenda3
768 1910 866 1971 neque
881 1888 949 1950 illae

99 1973 318 2056 Nequidquam
333 1973 365 2034 in
380 1973 467 2036 tectis
483 1975 621 2036 certatim
636 1975 739 2037 tenuia
753 1995 824 2037 cera

101 2057 294 2142 spiramenta
307 2060 415 2138 linunt,
430 2061 559 2143 fucoque
575 2067 606 2123 et
620 2061 739 2123 floribus
755 2081 822 2122 oras

99 2145 245 2228 Explent,
261 2146 477 2228 collectumque
492 2147 567 2209 haec
582 2147 648 2229 ipsa
663 2146 702 2208 ad
716 2166 841 2239 munera
856 2147 961 2228 gluten

99 2231 143 2293 Et
157 2233 240 2294 visco
255 2243 287 2293 et
301 2231 454 2314 Phrygiae
470 2239 591 2295 servant
606 2232 672 2315 pice
687 2212 898 2294 lentids'ldae.

100 2315 201 2400 Saepe
219 2317 309 2379 etiam
324 2318 448 2395 effossis,
463 2319 488 2380 si
503 2339 576 2380 vera
591 2324 638 2380 est
652 2319 742 2396 fama,
757 2319 891 2398 latebris,

100 2401 164 2465 Sub
182 2411 264 2464 terra
278 2404 380 2465 fovere
393 2405 499 2482 larem,
514 2404 692 2487 penitusque
708 2412 846 2486 repertae

98 2489 333 2571 Pumioibusque
350 2490 441 2568 cavis,
458 2511 624 2572 exesaeque
641 2490 753 2553 arboris
769 2497 864 2552 antro.

98 2575 146 2638 'Pu
161 2582 265 2637 tamen
281 2596 297 2637 e
314 2575 373 2636 leri
391 2575 501 2638 rimosa
523 2577 630 2638 cubilia
645 2577 713 2638 limo

97 2661 191 2744 Unge
207 2662 310 2723 fovens
327 2661 449 2739 circum,
465 2668 496 2724 et
511 2683 593 2724 raras
609 2683 699 2744 super
711 2662 799 2746 injice
815 2660 946 2724 frondes.

98 2748 172 2809 Neu
187 2748 309 2830 propius
324 2748 412 2809 tectis
428 2754 530 2809 taxum
545 2748 607 2810 sine
620 2768 627 2823 ;
646 2770 722 2810 neve
738 2748 880 2810 rubentes

98 2833 166 2896 Ure
182 2834 250 2896 foco
265 2854 388 2895 cancros
402 2854 419 2913 ;n
433 2835 512 2895 altae
527 2855 587 2895 neu
603 2834 692 2896 erede
709 2834 821 2917 paludi,

98 2920 165 2981 Aut
180 2920 232 2981 ubi
246 2919 319 2982 odor
334 2916 420 2981 codni
434 2919 545 3001 gravis,
561 2926 613 2982 aut
627 2920 678 2981 ubi
693 2942 824 2982 concava
838 2921 926 3003 pulsu

101 3004 183 3068 Saxa
197 3012 304 3067 sonant
319 3005 459 3087 vocisque
475 3006 585 3067 offensa
600 3007 727 3068 resultat
741 3006 850 3087 imago.

141 3089 231 3164 Quod
246 3097 394 3174 superest,
409 3092 461 3152 ubi
477 3093 592 3174 pulsam
606 3092 735 3154 hiemem
754 3089 804 3153 Sol
820 3112 929 3154 aureus
945 3091 1008 3172 egit

101 3174 164 3239 Sub
180 3184 290 3256 terras,
307 3176 481 3259 coelumque
498 3179 612 3240 aestiva
625 3179 693 3240 luco
709 3177 843 3256 reclusit,

100 3262 174 3325 lllae
190 3264 330 3325 continuo
346 3264 439 3325 saltus
456 3264 603 3345 silvasque
620 3269 793 3346 peragrant,

100 3347 331 3431 Purpureosque
348 3356 465 3410 metunt
478 3350 576 3426 flores,
592 3356 623 3410 et
636 3349 758 3411 flumina
772 3349 866 3410 libant

102 3432 225 3497 Summa
240 3435 331 3496 leves.
378 3435 460 3496 Hinc
476 3435 575 3497 nescio
591 3456 651 3516 qua
666 3434 823 3496 dulcedine
843 3437 940 3497 laetae

101 3519 280 3602 Progeniem
294 3520 439 3603 nidosque
454 3522 578 3595 fovent3
601 3521 669 3582 hino
687 3527 751 3583 arte
766 3528 904 3583 recentes

102 3587 270 3667 Excudffrit
279 3627 375 3683 coras,
392 3614 423 3668 ot
437 3609 526 3669 mella
541 3607 659 3669 tenacia
673 3608 801 3688 fingunt.

101 3690 179 3754 Hinc
197 3691 248 3753 ubi
259 3693 323 3776 jam
338 3693 478 3754 omissum
493 3693 593 3755 caveis
608 3692 647 3754 ad
662 3693 761 3755 sidera
777 3692 852 3754 coeli

101 3775 183 3839 Naro
199 3799 254 3861 per
270 3784 416 3840 aestatem
430 3779 574 3862 liquidam
589 3778 758 3861 suspexeris
774 3798 894 3860 agmen,
