2496 4334
456 268 615 316 Anumnos
637 271 702 317 LIB-
726 271 760 319 X.

103 418 233 501 Insignis
248 418 408 504 Messapus
423 421 518 504 equis.
563 422 723 504 Expellere
739 423 867 488 tendunt

102 504 194 567 Nunc
209 505 251 583 hi,
266 527 345 568 nunc
360 506 422 580 illi;
445 513 580 569 certatur
594 508 693 569 liminc
708 508 817 591 inipso

101 588 265 652 Ausoniae.
310 589 423 671 Magno
439 591 590 654 discordes
606 593 727 654 aethere
740 593 821 655 venti

102 673 221 736 Proelia
237 695 293 736 ceu
309 677 420 737 tollunt
432 676 536 738 animis
552 683 583 738 et
597 676 708 739 viribus
723 678 846 760 aequis3

102 758 134 820 N
136 779 174 820 on
188 759 244 840 ipsi
255 760 334 821 inter
348 780 391 837 se,
404 781 464 822 non
477 761 589 838 nubila,
600 781 659 823 non
673 783 755 824 mare
771 762 870 839 cedit3

101 841 227 926 Anceps
242 865 343 926 pugna
358 844 410 905 diu
423 863 431 920 3
454 851 535 908 stant
550 846 657 908 obnixa
671 847 769 910 omnia
783 855 908 911 contra:

102 927 196 988 Haud
211 929 297 990 ahter
312 928 457 1011 'lhojanae
473 930 552 993 acies
568 930 706 1012 aciesque
722 931 847 995 Latinae

104 1010 293 1074 Concurrunt
304 1035 311 1074 :
335 1013 441 1076 haeret
454 1015 531 1097 pede
546 1035 600 1096 pes
612 1015 781 1097 densusque
793 1017 855 1080 viro
868 1015 924 1079 vir.

144 1096 190 1158 At
204 1103 289 1179 parte
305 1118 343 1160 ex
357 1098 426 1176 alia,
441 1119 501 1180 qua
516 1120 588 1162 saxa
603 1101 733 1162 rotantia
746 1100 807 1163 late

102 1179 268 1262 Impulerat
283 1188 398 1245 torrens
414 1184 595 1266 arbustaque
611 1183 711 1246 diruta
724 1185 807 1267 ripis,

101 1264 251 1344 Arcadas,
264 1267 395 1329 insuetos
410 1268 489 1331 acies
503 1269 614 1331 inferre
630 1269 796 1352 pedestres,

103 1350 147 1412 Ut
161 1351 236 1413 vidit
250 1352 350 1414 Pallas
366 1351 452 1413 Latio
467 1353 539 1415 dare
554 1359 641 1435 terga
656 1355 788 1436 sequaci,

102 1434 222 1517 Aspera
233 1436 299 1518 quis
314 1442 423 1499 natura
437 1438 494 1500 loci
509 1437 659 1501 dimittere
673 1439 792 1521 quando

104 1517 204 1581 Suasit
219 1541 322 1603 equoS,
334 1542 426 1583 unum
441 1522 521 1604 quod
535 1522 625 1586 rebus
639 1529 735 1586 restat
749 1523 864 1606 egenis,

102 1603 193 1666 Nunc
208 1626 310 1687 prece,
324 1626 404 1668 nunc
420 1607 507 1669 dictis
522 1607 665 1669 virtutem
679 1609 817 1671 accendit
831 1607 961 1670 amaris:

102 1686 168 1760 Quo
182 1690 296 1770 fugitis,
311 1690 410 1752 socii?
446 1691 508 1753 Per
522 1712 574 1754 vos
589 1698 621 1753 et
636 1693 725 1755 fortia
738 1693 831 1772 facta,

101 1773 163 1836 Per
174 1775 258 1837 ducis
274 1773 408 1837 Evandri
422 1796 530 1838 nomen
545 1776 722 1858 devictaque
737 1779 827 1857 bella,

103 1856 253 1941 Spemque
268 1880 376 1937 meam,
388 1860 503 1942 patriae
519 1881 595 1942 quae
610 1882 689 1924 nunc
705 1863 785 1924 subit
800 1860 918 1925 aemula
931 1859 1024 1938 laudi,

100 1941 200 2005 Fidite
215 1965 253 2006 ne
268 1944 403 2027 pedibus.
447 1945 542 2007 Ferro
556 1946 722 2028 rumpenda
736 1969 791 2029 per
804 1947 905 2009 hostes

101 2027 158 2089 Est
172 2028 230 2090 via.
276 2027 344 2102 Qua
358 2029 463 2110 globus
477 2030 527 2091 illc
539 2031 639 2093 virum¹
651 2031 842 2093 densissimus
856 2036 978 2111 urguet,

100 2111 169 2174 Hac
184 2133 236 2175 vos
252 2120 283 2175 et
297 2114 436 2176 Pallanta
451 2113 558 2176 ducem
573 2115 671 2197 patria
685 2116 746 2177 alta
761 2115 899 2198 reposcit.

100 2196 234 2259 Numina
248 2199 330 2260 nulla
345 2208 485 2280 premunt
498 2219 507 2275 ;
530 2200 647 2261 mortali
661 2221 824 2280 urguemur
839 2200 876 2262 ab
890 2199 975 2262 hoste

100 2280 244 2344 Mortales
258 2302 266 2357 ;
289 2283 412 2344 totidem
426 2284 510 2345 nohis
526 2284 702 2366 animaeque
717 2305 893 2368 manusque.

100 2366 194 2445 Ecce,
209 2367 298 2428 maris
313 2387 423 2448 magna
437 2368 550 2430 claudit
565 2389 618 2430 nos
633 2369 727 2450 objice
743 2377 851 2452 pontus
864 2389 872 2445 ;

100 2450 197 2512 Deest
206 2455 271 2534 jam
286 2458 367 2513 terra
381 2453 494 2533 fugae:
518 2454 644 2534 pelagus
659 2453 815 2537 Trojamne
831 2450 993 2535 petemus?

100 2534 187 2597 Haec
203 2537 245 2598 ait
259 2544 290 2598 et
304 2536 420 2598 medius
435 2537 541 2598 densos
557 2539 722 2620 prorumpit
736 2539 766 2599 in
780 2538 892 2600 hostes.

101 2619 214 2682 Obvius
230 2621 299 2683 huic
315 2622 453 2703 primum,
469 2622 539 2684 fatis
554 2622 701 2685 adductus
716 2623 835 2703 iniquis,

99 2703 151 2765 Fit
165 2704 286 2787 Lagus:
310 2706 401 2783 hunc,
416 2727 525 2787 magno
539 2707 623 2769 vellit
638 2707 709 2768 dum
724 2708 855 2791 pondere
870 2727 986 2784 saxum,

99 2788 216 2852 Intorto
230 2790 297 2871 figit
312 2792 383 2868 telo,
393 2790 563 2852 discrimina
578 2792 668 2854 costis

100 2873 162 2934 Per
176 2875 305 2936 medium
318 2895 378 2956 qua
393 2875 478 2956 spina
494 2875 595 2955 dabat,
610 2876 786 2959 hastamque
802 2880 938 2958 receptat

101 2956 225 3020 Ossibus
240 2960 424 3021 haerentem.
470 2957 567 3032 Quem
581 2982 641 3023 non
655 2983 746 3045 super
761 2968 888 3043 occupat
899 2959 1006 3038 Hisbo,

98 3042 155 3105 Ille
173 3045 293 3125 quidem
307 3044 362 3105 hoc
379 3065 502 3125 sperans
516 3064 524 3119 ;
547 3066 617 3106 nam
632 3046 732 3108 Pallas
747 3053 817 3107 ante
832 3051 981 3123 ruentem,

98 3127 181 3189 Dum
195 3129 280 3206 furit,
295 3129 449 3190 incautum
465 3128 579 3191 crudeli
593 3137 687 3191 morte
703 3131 822 3208 sodalis,

98 3211 230 3295 Excipit,
246 3220 337 3295 atque
353 3233 455 3275 ensem
470 3214 583 3276 tumido
597 3215 629 3275 in
643 3217 781 3297 pulmone
796 3213 942 3277 recondit.

98 3298 179 3360 Hinc
198 3297 374 3360 Sthenelum
389 3299 475 3380 petit,
487 3306 518 3361 et
533 3300 643 3360 Rhoeti
658 3299 695 3362 de
711 3308 801 3382 gente
817 3304 936 3363 vetusta

98 3381 328 3462 Anchemolum,
341 3384 485 3445 thalamos
500 3405 605 3446 ausum
620 3384 768 3451 incestare
778 3404 942 3453 novercae.

98 3467 162 3529 Vos
178 3469 268 3530 etiam
284 3469 394 3550 gemini
409 3469 529 3532 Rutulis
545 3469 694 3532 cecidistis
708 3470 740 3531 in
755 3470 845 3548 aruis,

98 3552 226 3631 Dauom,
242 3552 352 3614 Laride
368 3553 590 3636 Thymberque,
605 3554 752 3615 simillima
766 3555 875 3635 proles,

96 3637 266 3699 Indiscreta
279 3638 340 3699 suis
355 3645 518 3719 gratusque
533 3639 706 3721 parentibus
722 3657 826 3713 error3

96 3721 143 3783 At
157 3743 236 3785 nunc
252 3723 328 3784 dura
343 3723 426 3785 dedit
441 3724 523 3786 vobis
539 3722 708 3786 discrimina
723 3721 841 3784 Pallas:
