2496 4334
456 285 617 334 Arunmcs
639 286 704 332 nm.
728 284 791 333 ΧΠ.
1079 268 1142 335 319

104 436 288 521 Summaque
303 460 358 522 per
373 439 490 521 galeam
504 439 638 502 delibans
654 439 755 502 oscula
761 429 846 501 ‘fatur
858 460 865 501 :

102 523 207 602 Disce,
222 546 307 607 puer,
323 525 465 586 virtutem
481 546 518 586 ex
532 545 580 586 me
592 545 755 606 verumque
772 525 913 602 laborem,
1094 545 1142 594 435

102 608 268 671 Fortunam
283 631 320 671 ex
334 610 409 671 aliis.
455 610 546 672 Nunc
562 615 592 672 te
607 631 675 672 mea
689 610 814 671 dextera
828 610 906 671 bello

103 693 269 755 Defensum
285 695 379 772 dabit,
395 700 426 756 et
440 713 550 776 magna
563 695 643 756 inter
657 694 790 776 praemia
804 694 905 756 ducet.

104 777 152 839 Tu
166 777 266 856 facite,
280 801 349 841 mox
363 800 454 861 quum
468 786 587 842 matura
601 779 764 841 adoleverit
779 785 874 858 aetas,

105 861 154 925 Sis
168 885 289 942 memor,
306 870 337 926 et
353 870 394 941 te,
410 865 506 926 animo
521 871 708 947 repetentem
724 865 860 946 exempla
874 869 1004 942 tuorum,

103 948 246 1029 Et‘pater
260 949 382 1010 Aeneas
397 955 429 1010 et
443 951 608 1011 auunculus
620 949 731 1011 excitet
746 949 872 1011 Hector.

148 1033 234 1096 Haec
250 1034 301 1094 ubi
316 1034 397 1096 dieta
412 1034 505 1111 dedit,
518 1035 609 1116 portis
625 1055 689 1096 sese
703 1034 808 1095 extulit
822 1035 939 1115 ingens,

103 1117 210 1179 Telum
224 1119 351 1180 immane
366 1139 457 1180 manu
472 1119 609 1200 quatiens
622 1138 631 1194 ;
654 1119 740 1180 simul
755 1119 873 1199 agmine
889 1118 980 1181 denso

101 1201 303 1285 Antheusque
319 1203 555 1285 Mnestheusque
570 1210 672 1281 ruunt,
683 1204 835 1285 omnisque
847 1203 959 1266 relictis

103 1285 205 1349 Turba
219 1289 284 1349 fluit
299 1289 415 1350 castris.
460 1288 537 1350 Tum
552 1309 643 1351 caeco
657 1290 779 1370 pulvere
795 1308 916 1370 campus

102 1371 260 1451 Miscetur,
277 1373 424 1455 pulsuque
438 1374 549 1459 pedum
563 1374 665 1436 tremit
679 1374 777 1436 excita
791 1374 891 1436 tellus.

103 1456 192 1519 Vidit
206 1458 243 1519 ab
258 1457 382 1520 adverso
397 1458 551 1520 venientes
566 1479 677 1540 aggere
693 1458 822 1536 Tomoe,

103 1540 217 1603 Videre
230 1540 367 1621 Ausonii,
377 1543 553 1625 gelidusque
568 1563 623 1626 per
636 1544 695 1605 ima
709 1544 842 1606 cucurrit

104 1624 182 1688 Ossa
197 1633 325 1702 tremor3
347 1628 443 1710 prima
458 1635 527 1690 aute
543 1649 644 1691 omues
658 1628 680 1691 J
681 1635 792 1690 uturna
806 1627 928 1691 Latinos

100 1711 211 1773 Audiit
226 1713 407 1794 agnovitque
422 1733 538 1790 sonum,
554 1719 585 1775 et
598 1713 775 1775 tremefacta
789 1713 911 1795 refugit.

102 1795 160 1857 Ille
176 1797 267 1875 volat,
282 1817 445 1879 campoque
461 1804 559 1859 atrum
573 1798 652 1880 rapit
666 1819 774 1880 agmen
790 1803 903 1880 aperto.

55 1919 58 1923 ·
104 1878 208 1952 Qualis
223 1882 274 1943 ubi
290 1882 330 1945 ad
344 1888 440 1944 terras
455 1882 581 1964 abrupto
597 1883 695 1946 sidere
710 1883 826 1945 nimbus

101 1965 134 2028 It
148 1987 230 2028 mare
245 1987 300 2049 per
313 1966 466 2042 medium3
488 1968 614 2044 miseris,
629 1969 701 2046 heu,
715 1968 851 2049 praescia
864 1968 953 2049 longe

102 2049 292 2113 Horrescunt
308 2051 398 2114 corda
413 2052 550 2133 agricolis
563 2071 572 2128 ;
596 2052 678 2114 dabit
692 2053 741 2114 ille
753 2052 854 2114 ruinas

101 2134 269 2198 Arboribus
284 2142 474 2218 stragemque
489 2137 560 2199 satis
573 2157 582 2212 ;
604 2143 673 2199 ruet
687 2137 785 2200 omnia
798 2139 859 2199 late
873 2156 881 2211 ;

100 2221 186 2283 Ante
201 2222 303 2283 volant
317 2221 504 2304 sonitumque
520 2222 622 2284 femmt
636 2221 675 2285 ad
689 2223 777 2284 litora
791 2221 893 2284 venti:

102 2306 183 2368 Talis
198 2306 229 2367 in
244 2306 384 2368 adversos
399 2306 505 2369 ductor
520 2306 684 2369 Rhoeteius
699 2308 799 2370 hostes
875 2383 877 2388 Ι

100 2390 223 2472 Agmen
238 2391 321 2472 agit3
345 2391 430 2453 densi
445 2392 547 2454 cuneis
562 2413 594 2454 se
609 2392 735 2474 quisque
751 2391 861 2454 coactis

100 2476 330 2557 Agglomerant.
375 2476 460 2538 Ferit
472 2497 542 2538 ense
558 2497 681 2558 gravem
696 2476 902 2558 Thymbraeus
918 2473 1038 2551 Osirim,

100 2561 281 2622 Archetium
296 2561 484 2639 Mnestheus,
500 2562 665 2644 Epulonem
680 2563 840 2623 obtruncat
853 2560 1001 2637 Achates,

102 2645 305 2727 Ufentemque
322 2645 405 2729 Gyas
418 2667 426 2721 ;
450 2647 532 2708 cadit
545 2646 608 2729 ipse
624 2646 795 2709 Tolumnius
810 2667 917 2727 augur,

101 2729 220 2792 Primus
234 2731 265 2792 in
281 2730 421 2793 adversos
437 2732 529 2793 telum
544 2732 594 2814 qui
608 2738 737 2793 torserat
750 2731 860 2793 hostes.

100 2814 227 2877 Tollitur
240 2815 272 2876 in
287 2816 402 2877 coelum
417 2817 539 2892 clamor,
551 2817 688 2897 versique
700 2816 828 2878 vicissim

100 2899 317 2962 Pulverulenta
329 2900 403 2981 fuga
418 2900 524 2962 Rutuli
539 2901 612 2963 dant
627 2908 713 2981 terga
727 2921 783 2982 per
793 2919 893 2981 agros.

100 2984 171 3065 Ipse
186 3006 284 3066 neque
300 3005 420 3047 aversos
434 2985 575 3066 dignatur
590 2992 724 3048 sternere
739 2986 837 3063 morti,

99 3068 132 3130 N
134 3091 168 3131 ec
183 3070 260 3152 pede
277 3090 450 3152 congressos
465 3090 573 3152 aequo,
587 3091 643 3132 nec
660 3071 721 3131 tela
735 3069 866 3132 ferentes

99 3154 274 3236 Insequitur
287 3175 295 3230 ;
318 3157 412 3216 solum
427 3155 520 3217 densa
534 3156 565 3216 in
580 3155 706 3236 caligine
722 3154 857 3216 Turnum

99 3240 242 3321 Vestigat
256 3240 397 3318 lustrans,
410 3241 504 3301 solum
519 3240 550 3301 in
565 3240 729 3302 certamina
743 3239 849 3322 poscit.

142 3324 210 3386 Hoc
227 3345 371 3387 concussa
385 3331 468 3386 metu
479 3339 608 3387 mentem
622 3325 644 3387 J
646 3331 756 3386 uturna
766 3325 869 3407 virago

98 3408 247 3491 Aurigam
263 3409 356 3471 Turni
369 3410 469 3471 media
483 3410 562 3472 inter
576 3412 639 3472 lora
654 3409 815 3472 Metiscum

99 3494 235 3572 Excutit,
252 3501 283 3556 et
297 3496 385 3576 longe
400 3496 516 3576 lapsum
530 3502 648 3558 temone
663 3496 805 3577 relinquit
817 3515 825 3571 ;

98 3578 171 3660 Ipsa
186 3581 275 3657 subit,
290 3580 485 3661 manibusque
501 3580 649 3642 undantes
664 3581 758 3642 flectit
771 3580 914 3655 habenas,

99 3664 218 3726 Cuncta
232 3685 351 3745 gerens,
367 3684 529 3745 vocemque
546 3671 577 3726 et
592 3685 698 3747 corpus
714 3671 745 3726 et
760 3685 843 3725 arma
857 3660 987 3723 Metisci.

97 3748 197 3830 Nigra
211 3751 295 3810 velut
308 3769 432 3830 magnas
448 3749 558 3811 domini
574 3770 665 3831 quum
682 3749 781 3810 divitis
795 3747 885 3810 aedes
