2496 4334
380 330 547 377 becomes.
593 331 716 376 ECLOGA
738 331 776 376 11.

98 483 165 548 Aut
178 483 303 546 Ararim
317 484 457 547 Parthus·
463 485 557 564 bibet,
573 491 626 547 aut
642 483 806 548 Gennania
820 484 955 568 Tigrim:

101 570 198 645 Quam
213 577 314 633 nostro
328 571 407 634 illius
422 571 541 633 labatur
556 578 677 653 pectore
693 573 805 632 vultus.

141 655 205 719 Me.
222 656 336 742 Atwnos
350 658 419 720 hinc
436 657 486 720 alii
501 657 635 719 sitientes
651 657 757 718 ibimus
772 655 865 718 Afros
879 677 887 731 ;
1069 672 1101 722 65

99 743 175 805 Pars
193 740 350 826 Scythiam
364 751 396 806 et
410 743 548 826 rapidum
564 742 674 804 Cretae
691 743 845 805 veniemus
862 741 978 820 Ouucn,

99 827 142 891 Et
156 828 276 911 penitus
291 834 353 890 toto
369 829 477 890 divisos
493 828 563 890 orbe
580 828 751 890 Britannos.

100 913 160 991 Iln,
175 934 309 995 unquam
323 915 435 996 patrios
449 915 538 994 longo
553 919 620 996 post
635 920 769 995 tempore
785 914 871 991 fines,

99 999 247 1082 Pauperis
263 1006 294 1061 et
308 1000 411 1080 tuguri
426 1005 602 1080 congestum
617 999 729 1081 cespite
745 1000 875 1076 eulmen,

99 1084 174 1147 Post
189 1085 313 1166 aliquot,
327 1106 396 1147 mea
410 1106 516 1166 regna,
531 1084 635 1146 videns
650 1080 780 1146 mirabor
795 1081 927 1146 aristas?
1071 1102 1103 1149 70

100 1169 216 1252 Impius
230 1170 305 1232 haec
320 1177 383 1232 tam
398 1172 481 1232 culta
494 1171 612 1232 novalia
625 1171 710 1231 miles
725 1167 873 1231 habebit?

100 1255 255 1318 Barbarus
269 1256 324 1318 has
339 1254 484 1338 segetes?
529 1254 589 1334 En,
605 1277 664 1338 quo
679 1254 828 1316 discordia
843 1253 924 1315 cives

100 1341 249 1403 Produxit
262 1341 405 1405 miseros!
430 1363 479 1419 en,
495 1340 562 1423 quis
577 1341 763 1403 consevimus
779 1337 888 1421 agros!

100 1427 207 1489 Insere
222 1448 313 1505 nunc,
329 1427 490 1506 Meliboee,
506 1427 596 1510 piros,
613 1447 688 1508 pone
704 1425 808 1488 ordine
832 1425 919 1487 vites.

100 1513 149 1575 Ite
165 1533 262 1592 meae,
277 1513 349 1575 felix
363 1512 515 1595 quondam
528 1534 632 1595 pecus,
647 1513 689 1574 ite
706 1511 850 1592 capellae.
1072 1527 1104 1574 75

101 1597 172 1660 Non
187 1618 244 1680 ego
259 1619 310 1661 vos
326 1600 461 1681 posthac,
477 1598 564 1659 viridi
579 1598 731 1680 projectus
745 1596 777 1658 in
792 1602 889 1674 antro,

100 1683 236 1746 Drunosa
249 1684 381 1766 pendere
397 1685 501 1766 procul
517 1683 554 1745 de
570 1705 644 1766 rupe
660 1682 790 1757 rideb03

102 1767 244 1831 Carmina
258 1770 341 1832 nullu
356 1789 482 1844 canam3
505 1790 576 1846 non,
591 1790 639 1830 me
655 1773 809 1850 pascente,
826 1765 970 1848 capellae,

100 1853 274 1916 Florentem
290 1854 419 1937 cytisum
429 1861 466 1916 'et
481 1855 587 1916 salicos
604 1853 733 1935 carpetis
749 1871 876 1914 amaras.

141 1938 190 2000 [lt.
204 1939 265 2002 Hic
279 1945 379 2001 tamen
389 1940 467 2001 hanc
479 1960 597 2001 mecum
608 1945 727 2020 poteras
739 1937 929 2019 requiescere
939 1940 1058 1999 noctem
1072 1952 1104 2001 80

100 2022 220 2086 Fronde
236 2046 328 2107 super
342 2024 439 2086 viridi.
487 2022 565 2086 Sunt
578 2023 663 2086 nobis
677 2023 762 2085 mitia
776 2043 875 2105 poma,

102 2108 270 2172 Castaneae
285 2110 400 2189 molles,
416 2115 448 2171 et
461 2109 557 2191 pressi
572 2109 658 2190 copia
671 2108 758 2171 lactis
772 2128 780 2182 3

102 2193 144 2274 Et
152 2195 219 2277 jam
233 2216 349 2257 summa
363 2195 467 2277 procul
481 2194 619 2257 villarum
635 2193 765 2256 culmina
778 2192 906 2271 fumant,

101 2279 295 2363 Majoresque
311 2280 424 2343 cadunt
439 2280 505 2342 altis
521 2280 558 2342 de
574 2280 724 2342 montibus
739 2278 873 2340 umbrae.

442 2547 720 2556 ..—

451 2722 715 2794 ALEXIS.

477 2923 627 2977 ECLOGA
654 2924 690 2978 Π.

105 3054 284 3116 Formosum
298 3059 400 3136 pastor
416 3052 557 3136 Corydon
572 3053 698 3115 ardebat
712 3053 845 3131 Alexim,

105 3139 236 3201 Delicias
252 3139 362 3201 domini
376 3160 383 3214 ;
405 3160 473 3217 nec,
490 3138 562 3220 quid
578 3146 724 3220 speraret,
747 3140 888 3200 habebat.

107 3225 236 3286 Tantum
250 3224 330 3286 inter
345 3224 464 3301 densas,
480 3225 619 3285 umbrosa
635 3225 800 3301 cacumina,
816 3224 901 3305 fagos

105 3309 236 3372 Assidue
253 3309 412 3372 veniebat:
436 3310 477 3371 ibi
491 3310 566 3370 baec
582 3309 734 3370 incondita
749 3311 828 3370 solus

106 3395 257 3457 Montibus
274 3402 305 3457 et
319 3394 400 3457 silvis
416 3395 514 3457 studio
525 3395 662 3477 jactabat
676 3395 777 3455 inani:
1092 3408 1113 3455 5

150 3479 176 3542 O
194 3480 324 3542 crudelis
339 3479 442 3558 Alexi,
457 3481 531 3542 nihil
545 3500 613 3540 mea
628 3480 760 3541 carmina
776 3476 889 3540 curas?

108 3564 158 3627 Nil
173 3566 266 3628 nostri
281 3566 424 3628 miserere
439 3564 451 3626 'l
496 3565 576 3626 Mori
590 3586 637 3626 me
655 3565 783 3645 donique
800 3584 900 3645 coges.

108 3649 196 3714 Nunc
214 3652 304 3713 etiam
319 3651 451 3734 pecudes
465 3651 586 3713 umbras
602 3656 632 3711 et
647 3651 760 3732 frigora
775 3654 898 3731 captant
911 3667 919 3723 ;

109 3735 197 3799 Nunc
213 3736 325 3799 virides
341 3738 432 3799 etiam
447 3738 600 3798 occultant
615 3737 732 3818 spineta
746 3737 896 3810 lacertos;

110 3821 257 3922 Thestylis
273 3829 305 3886 et
319 3823 429 3907 rapido
439 3823 523 3885 fessis
538 3823 717 3884 messoribus
732 3826 818 3882 aestu
1079 3833 1110 3882 lo
