2496 4334
447 271 608 319 scamnos
630 273 696 319 ΗΒ.
722 273 784 321 ΧΙ.-4

77 453 79 456 ·
103 423 364 509 Quadrupedoque
380 431 498 509 putrem
514 445 603 487 cursu
618 427 716 507 quatit
730 426 844 510 ungula
860 447 1007 512 campum.
1036 436 1037 439 ’

101 510 242 573 Volvitur
257 511 296 573 ad
310 532 410 574 muros
426 510 552 590 caligine
567 511 704 573 turbidus
719 518 786 574 atra

101 593 216 672 Pulvis,
232 604 263 658 et
278 616 294 658 e
310 596 437 679 speculis
452 615 611 678 percussae
627 603 751 678 pectora
764 602 876 659 matres

101 679 277 742 Femineum
292 682 450 743 clamorem
465 680 504 742 ad
520 678 595 742 coeli
609 681 709 743 sidera
724 682 842 744 tollunt.

103 763 162 836 Qui
177 785 267 827 cursu
282 772 383 848 portas
397 766 485 849 primi
499 765 633 847 irrupere
649 772 799 848 patentes,

102 848 168 912 Hos
182 850 301 912 inimica
316 871 405 933 super
419 851 511 912 mixto
526 851 635 932 premit
649 851 766 932 agmine
781 851 891 927 turba3

101 934 134 996 N
136 955 170 997 ec
187 935 325 997 miseram
340 936 486 1018 effugiunt
500 941 637 1013 mortem,
653 936 707 998 sed
721 936 821 998 limine
835 936 867 997 in
880 937 955 1019 ipso,

101 1018 260 1082 Moenibus
274 1021 306 1094 iu
320 1022 434 1103 patriis,
449 1027 540 1102 atque
555 1019 635 1082 inter
649 1026 716 1083 tuta
731 1021 884 1083 domorum

103 1104 219 1167 Confixi
233 1104 385 1188 exspirant
400 1105 523 1168 animas.
569 1105 644 1167 Pars
657 1106 795 1168 claudere
811 1112 923 1188 portas,

101 1189 134 1251 N
135 1210 170 1252 ec
186 1191 271 1252 sociis
287 1191 402 1272 aperire
418 1191 507 1267 viam,
522 1211 578 1253 nec
593 1191 746 1252 moenibus
762 1191 875 1253 audent

100 1273 251 1357 Accipere
267 1282 385 1337 orantes
399 1295 407 1350 3
428 1276 582 1358 oriturque
597 1276 762 1337 miserrima
777 1276 885 1339 caedes

101 1359 326 1422 Defendentum
341 1361 430 1422 armis
444 1360 555 1439 aditus,
570 1361 660 1441 inque
676 1381 759 1423 arma
773 1367 923 1423 ruentum.

102 1443 237 1524 Exclusi,
251 1451 322 1507 ante
337 1447 438 1507 oculos
453 1447 730 1529 lacrymantumque
745 1466 798 1528 ora
812 1453 981 1528 parentum,

78 1600 81 1607 ¹
101 1528 178 1592 Pars
192 1531 224 1592 in
237 1530 416 1612 praecipites
430 1532 535 1608 fossas,
551 1536 678 1613 urgente
693 1530 791 1609 ruina,

101 1615 252 1692 Volvitur,
267 1615 403 1677 immissis
418 1636 487 1697 pars
503 1636 595 1678 caeca
609 1622 640 1677 et
655 1616 772 1678 concita
785 1616 878 1680 frenis

100 1699 224 1762 Arietat
238 1701 269 1761 in
283 1707 384 1782 portas
400 1707 431 1762 et
446 1700 536 1763 duros
550 1700 644 1784 objice
659 1707 769 1783 postes.

101 1785 190 1866 Ipsae
206 1785 244 1847 de
259 1785 351 1848 muris
366 1806 479 1848 summo
495 1785 656 1848 certamine
670 1792 781 1848 matres
794 1822 835 1832 -

101 1870 252 1933 Monstrat
265 1891 348 1933 amor
362 1892 450 1934 verus
465 1871 635 1953 patriae-
646 1876 680 1933 ut
694 1871 796 1934 videre
813 1870 979 1955 Camillam,

102 1956 176 2018 Tela
190 1976 280 2018 manu
295 1956 430 2038 trepidae
440 1956 568 2038 jaciunt,
584 1976 619 2018 ac
634 1956 739 2018 robore
756 1955 830 2018 duro

103 2039 259 2122 Stipitibus
273 2040 387 2103 ferrum
401 2041 582 2123 sudibusque
597 2040 751 2102 imitantur
766 2040 878 2103 obustis

101 2125 297 2207 Praecipites
313 2126 485 2208 primaeque
500 2125 574 2187 mori
588 2147 642 2208 pro
656 2124 810 2187 moenibus
825 2125 942 2190 ardent.

144 2209 266 2273 Interea
280 2210 413 2272 Turnum
428 2211 459 2272 in
474 2211 554 2273 silvis
568 2210 755 2273 saevissimus
769 2210 873 2293 implet

100 2294 245 2374 Nuntius,
261 2302 291 2357 et
300 2295 405 2378 juveni
420 2296 572 2376 ingentem
586 2297 646 2358 fert
660 2294 748 2358 Acca
762 2297 943 2361 tumultum:

101 2379 225 2443 Deletas
242 2380 419 2444 Volscorum
434 2381 525 2459 acies,
540 2380 683 2443 cecidisse
700 2379 866 2460 Camillam,

101 2465 248 2546 Ingruere
263 2466 394 2527 infensos
409 2466 519 2543 hostes,
536 2472 567 2527 et
581 2465 681 2528 Marte
697 2464 828 2527 secundo

103 2549 210 2612 Omnia
225 2551 413 2632 corripuisse,
429 2557 562 2612 mentum
572 2551 636 2634 jam
652 2551 690 2613 ad
704 2550 822 2613 moenia
835 2551 918 2614 feni.

1080 258 1143 325 307

1095 451 1142 500 ers
1165 514 1168 521 Ι

100 2635 156 2697 Ille
172 2635 275 2698 furens
286 2671 329 2682 -
341 2642 372 2698 et
386 2654 476 2698 saeva
490 2636 575 2698 Jovis
591 2637 632 2698 sic
648 2637 770 2698 numina
784 2643 965 2718 poscunt-
1087 2704 1091 2713 ,

100 2720 223 2782 Deserit
237 2722 370 2784 obsessos
386 2722 487 2800 eolles,
502 2741 624 2783 nemora
639 2742 728 2803 asper
741 2721 860 2803 linquit.

100 2805 163 2867 Vix
178 2827 194 2868 e
210 2812 372 2888 conspectu
388 2807 503 2868 exierat
517 2827 713 2888 campumque
729 2806 862 2884 tenebat,

101 2889 200 2962 Quum
215 2897 302 2974 pater
316 2890 449 2970 Aeneas,
467 2892 559 2954 saltus
573 2891 726 2972 ingressus
741 2897 871 2974 apertos,

101 2974 329 3058 Exsuperatque
340 2977 448 3059 jugum
464 2977 596 3058 silvaque
612 2976 713 3038 evadit
727 2996 830 3058 opaca.

101 3059 152 3123 Sic
169 3063 253 3123 ambo
269 3060 308 3122 ad
322 3083 421 3125 muros
436 3061 532 3143 rapidi
547 3065 668 3141 totoque
683 3061 821 3121 feruntur

98 3145 243 3226 Agmine,
257 3166 313 3208 nec
328 3147 425 3228 longis
439 3147 517 3208 inter
532 3165 564 3207 se
580 3144 714 3226 passibus
729 3145 848 3206 absunt.

98 3230 149 3292 Ac
164 3231 250 3293 simul
264 3231 387 3294 Aeneas
401 3233 550 3293 fumantes
564 3230 687 3311 pulvere
703 3249 821 3311 campos

99 3313 259 3397 Prospexit
272 3317 371 3397 longe,
386 3314 607 3396 Laurentiaque
624 3314 743 3396 agmina
757 3313 842 3394 vidit,

100 3397 142 3460 Et
157 3421 280 3462 saevum
294 3401 423 3463 Aenean
437 3400 558 3482 agnovit
573 3399 692 3462 Turnus
705 3399 737 3460 in
752 3399 852 3477 armis,

98 3484 334 3568 Adventumque
350 3485 459 3568 pedum
473 3487 620 3566 flatusque
635 3484 750 3546 audivit
764 3505 918 3566 equorum.

100 3569 308 3653 Continuoque
322 3572 425 3633 ineant
439 3591 555 3653 pugnas
571 3576 603 3631 et
617 3569 729 3650 proelia
743 3574 872 3648 tentent,

98 3654 141 3715 Ni
158 3677 260 3717 roseus
275 3656 368 3718 fessos
377 3657 441 3738 jam
457 3656 575 3737 gurgite
592 3655 731 3717 Phoebus
746 3653 861 3716 Hibero

98 3739 231 3822 Tinguat
246 3762 337 3822 equos
352 3748 528 3822 noctemque
545 3740 592 3802 die
608 3740 728 3802 labente
743 3739 880 3801 reducat.

81 3882 84 3887 .
99 3823 266 3888 Considunt
281 3826 385 3888 castris
400 3839 470 3887 ante
485 3826 590 3887 urbem
605 3830 637 3886 et
650 3824 767 3886 moenia
782 3824 903 3888 vallant.
