<?xml version="1.0" encoding="UTF-8"?>
<!DOCTYPE html PUBLIC "-//W3C//DTD XHTML 1.0 Transitional//EN"
    "http://www.w3.org/TR/xhtml1/DTD/xhtml1-transitional.dtd">
<html xmlns="http://www.w3.org/1999/xhtml" xml:lang="en" lang="en">
 <head>
  <title>
</title>
<meta http-equiv="Content-Type" content="text/html;charset=utf-8" />
  <meta name='ocr-system' content='tesseract 3.04.00' />
  <meta name='ocr-capabilities' content='ocr_page ocr_carea ocr_par ocr_line ocrx_word'/>
</head>
<body>
  <div class='ocr_page' id='page_1' title='image "./bucolicsgeorgic00virggoog/bucolicsgeorgic00virggoog_0298.png"; bbox 0 0 2496 4334; ppageno 0'>
   <div class='ocr_carea' id='block_1_1' title="bbox 452 313 771 388">
    <p class='ocr_par' dir='ltr' id='par_1_1' title="bbox 452 313 771 388">
     <span class='ocr_line' id='line_1_1' title="bbox 452 313 771 388; baseline 0 -28"><span class='ocrx_word' id='word_1_1' title='bbox 452 313 612 360; x_wconf 79' lang='lat' dir='ltr'>Annmnos</span> <span class='ocrx_word' id='word_1_2' title='bbox 634 315 771 388; x_wconf 51' lang='lat' dir='ltr'>121139x1.</span> 
     </span>
    </p>
   </div>
   <div class='ocr_carea' id='block_1_2' title="bbox 75 462 1139 720">
    <p class='ocr_par' dir='ltr' id='par_1_2' title="bbox 75 462 1139 720">
     <span class='ocr_line' id='line_1_2' title="bbox 99 462 797 550; baseline 0.004 -23"><span class='ocrx_word' id='word_1_3' title='bbox 99 462 173 546; x_wconf 90' lang='lat' dir='ltr'>Ipsa</span> <span class='ocrx_word' id='word_1_4' title='bbox 187 466 248 529; x_wconf 87' lang='lat' dir='ltr'>suis</span> <span class='ocrx_word' id='word_1_5' title='bbox 265 468 414 550; x_wconf 89' lang='lat' dir='ltr'>quondam</span> <span class='ocrx_word' id='word_1_6' title='bbox 427 467 563 530; x_wconf 86' lang='lat' dir='ltr'>manibus</span> <span class='ocrx_word' id='word_1_7' title='bbox 580 466 703 530; x_wconf 84' lang='lat' dir='ltr'>Sidonia</span> <span class='ocrx_word' id='word_1_8' title='bbox 717 466 797 530; x_wconf 90' lang='lat' dir='ltr'>Dido</span> 
     </span>
     <span class='ocr_line' id='line_1_3' title="bbox 75 548 1139 631; baseline 0.008 -19"><span class='ocrx_word' id='word_1_9' title='bbox 75 569 77 572; x_wconf 72' lang='grc'>’</span> <span class='ocrx_word' id='word_1_10' title='bbox 99 548 240 631; x_wconf 76' lang='lat' dir='ltr'>Fecerat,</span> <span class='ocrx_word' id='word_1_11' title='bbox 253 559 285 614; x_wconf 87' lang='lat' dir='ltr'>et</span> <span class='ocrx_word' id='word_1_12' title='bbox 299 552 382 614; x_wconf 88' lang='lat' dir='ltr'>tenui</span> <span class='ocrx_word' id='word_1_13' title='bbox 397 553 472 614; x_wconf 87' lang='lat' dir='ltr'>telas</span> <span class='ocrx_word' id='word_1_14' title='bbox 487 551 673 614; x_wconf 75' lang='lat' dir='ltr'>discreverat</span> <span class='ocrx_word' id='word_1_15' title='bbox 688 572 770 614; x_wconf 91' lang='lat' dir='ltr'>auro.</span> <span class='ocrx_word' id='word_1_16' title='bbox 1107 572 1139 620; x_wconf 80' lang='lat'>75</span> 
     </span>
     <span class='ocr_line' id='line_1_4' title="bbox 99 632 925 720; baseline 0.006 -25"><span class='ocrx_word' id='word_1_17' title='bbox 99 632 219 697; x_wconf 87' lang='lat' dir='ltr'>Harum</span> <span class='ocrx_word' id='word_1_18' title='bbox 233 658 323 699; x_wconf 90' lang='lat' dir='ltr'>unam</span> <span class='ocrx_word' id='word_1_19' title='bbox 332 637 438 720; x_wconf 81' lang='lat' dir='ltr'>juveni</span> <span class='ocrx_word' id='word_1_20' title='bbox 453 658 624 719; x_wconf 88' lang='lat' dir='ltr'>supremum</span> <span class='ocrx_word' id='word_1_21' title='bbox 638 644 769 699; x_wconf 88' lang='lat' dir='ltr'>maestus</span> <span class='ocrx_word' id='word_1_22' title='bbox 783 637 925 700; x_wconf 86' lang='lat' dir='ltr'>honorem</span> 
     </span>
    </p>
   </div>
   <div class='ocr_carea' id='block_1_3' title="bbox 73 718 1138 3840">
    <p class='ocr_par' dir='ltr' id='par_1_3' title="bbox 73 718 1138 3840">
     <span class='ocr_line' id='line_1_5' title="bbox 99 718 806 803; baseline 0.004 -23"><span class='ocrx_word' id='word_1_23' title='bbox 99 718 215 800; x_wconf 78' lang='lat' dir='ltr'>Induit,</span> <span class='ocrx_word' id='word_1_24' title='bbox 231 741 410 803; x_wconf 85' lang='lat' dir='ltr'>arsurasque</span> <span class='ocrx_word' id='word_1_25' title='bbox 425 741 524 784; x_wconf 90' lang='lat' dir='ltr'>comas</span> <span class='ocrx_word' id='word_1_26' title='bbox 539 721 662 784; x_wconf 77' lang='lat' dir='ltr'>obnubit</span> <span class='ocrx_word' id='word_1_27' title='bbox 676 721 806 797; x_wconf 85' lang='lat' dir='ltr'>amictu3</span> 
     </span>
     <span class='ocr_line' id='line_1_6' title="bbox 98 803 881 889; baseline 0.004 -25"><span class='ocrx_word' id='word_1_28' title='bbox 98 803 257 888; x_wconf 85' lang='lat' dir='ltr'>Multaque</span> <span class='ocrx_word' id='word_1_29' title='bbox 271 813 427 888; x_wconf 87' lang='lat' dir='ltr'>praeterea</span> <span class='ocrx_word' id='word_1_30' title='bbox 442 806 602 868; x_wconf 90' lang='lat' dir='ltr'>Laurentis</span> <span class='ocrx_word' id='word_1_31' title='bbox 616 806 749 888; x_wconf 89' lang='lat' dir='ltr'>praemia</span> <span class='ocrx_word' id='word_1_32' title='bbox 762 827 881 889; x_wconf 82' lang='lat' dir='ltr'>pugnae</span> 
     </span>
     <span class='ocr_line' id='line_1_7' title="bbox 98 889 868 974; baseline 0.004 -24"><span class='ocrx_word' id='word_1_33' title='bbox 98 889 250 971; x_wconf 89' lang='lat' dir='ltr'>Aggerat‚</span> <span class='ocrx_word' id='word_1_34' title='bbox 265 903 297 952; x_wconf 87' lang='lat' dir='ltr'>et</span> <span class='ocrx_word' id='word_1_35' title='bbox 310 892 399 973; x_wconf 91' lang='lat' dir='ltr'>longo</span> <span class='ocrx_word' id='word_1_36' title='bbox 413 892 556 973; x_wconf 88' lang='lat' dir='ltr'>praedam</span> <span class='ocrx_word' id='word_1_37' title='bbox 566 891 655 974; x_wconf 88' lang='lat' dir='ltr'>jubet</span> <span class='ocrx_word' id='word_1_38' title='bbox 669 891 772 952; x_wconf 86' lang='lat' dir='ltr'>ordine</span> <span class='ocrx_word' id='word_1_39' title='bbox 788 891 868 953; x_wconf 82' lang='lat' dir='ltr'>duci.</span> 
     </span>
     <span class='ocr_line' id='line_1_8' title="bbox 99 972 1138 1058; baseline 0.007 -23"><span class='ocrx_word' id='word_1_40' title='bbox 99 972 198 1036; x_wconf 88' lang='lat' dir='ltr'>Addit</span> <span class='ocrx_word' id='word_1_41' title='bbox 212 996 303 1057; x_wconf 87' lang='lat' dir='ltr'>equos</span> <span class='ocrx_word' id='word_1_42' title='bbox 318 982 350 1037; x_wconf 91' lang='lat' dir='ltr'>et</span> <span class='ocrx_word' id='word_1_43' title='bbox 364 977 435 1054; x_wconf 87' lang='lat' dir='ltr'>tela,</span> <span class='ocrx_word' id='word_1_44' title='bbox 451 977 557 1058; x_wconf 89' lang='lat' dir='ltr'>quibus</span> <span class='ocrx_word' id='word_1_45' title='bbox 572 975 752 1058; x_wconf 82' lang='lat' dir='ltr'>spoliaverat</span> <span class='ocrx_word' id='word_1_46' title='bbox 765 975 890 1037; x_wconf 80' lang='lat' dir='ltr'>hostem.</span> <span class='ocrx_word' id='word_1_47' title='bbox 1106 996 1138 1042; x_wconf 83' lang='grc'>00</span> 
     </span>
     <span class='ocr_line' id='line_1_9' title="bbox 99 1057 966 1142; baseline 0.001 -23"><span class='ocrx_word' id='word_1_48' title='bbox 99 1057 249 1122; x_wconf 80' lang='lat' dir='ltr'>Vinxerat</span> <span class='ocrx_word' id='word_1_49' title='bbox 263 1067 294 1122; x_wconf 89' lang='lat' dir='ltr'>et</span> <span class='ocrx_word' id='word_1_50' title='bbox 308 1066 376 1142; x_wconf 88' lang='lat' dir='ltr'>post</span> <span class='ocrx_word' id='word_1_51' title='bbox 390 1066 477 1142; x_wconf 88' lang='lat' dir='ltr'>terga</span> <span class='ocrx_word' id='word_1_52' title='bbox 488 1080 604 1138; x_wconf 85' lang='lat' dir='ltr'>manus,</span> <span class='ocrx_word' id='word_1_53' title='bbox 619 1079 693 1142; x_wconf 85' lang='lat' dir='ltr'>quos</span> <span class='ocrx_word' id='word_1_54' title='bbox 707 1059 841 1121; x_wconf 84' lang='lat' dir='ltr'>mitteret</span> <span class='ocrx_word' id='word_1_55' title='bbox 855 1058 966 1121; x_wconf 89' lang='lat' dir='ltr'>umbris</span> 
     </span>
     <span class='ocr_line' id='line_1_10' title="bbox 99 1140 855 1226; baseline 0.004 -24"><span class='ocrx_word' id='word_1_56' title='bbox 99 1140 239 1222; x_wconf 83' lang='lat' dir='ltr'>Inferias,</span> <span class='ocrx_word' id='word_1_57' title='bbox 254 1165 340 1206; x_wconf 89' lang='lat' dir='ltr'>caeso</span> <span class='ocrx_word' id='word_1_58' title='bbox 355 1165 511 1226; x_wconf 88' lang='lat' dir='ltr'>sparsurus</span> <span class='ocrx_word' id='word_1_59' title='bbox 526 1145 670 1226; x_wconf 88' lang='lat' dir='ltr'>sanguine</span> <span class='ocrx_word' id='word_1_60' title='bbox 685 1145 855 1219; x_wconf 82' lang='lat' dir='ltr'>flammam3</span> 
     </span>
     <span class='ocr_line' id='line_1_11' title="bbox 99 1224 791 1311; baseline 0.006 -24"><span class='ocrx_word' id='word_1_61' title='bbox 99 1224 284 1310; x_wconf 89' lang='lat' dir='ltr'>Indutosque</span> <span class='ocrx_word' id='word_1_62' title='bbox 294 1229 383 1311; x_wconf 89' lang='lat' dir='ltr'>jubet</span> <span class='ocrx_word' id='word_1_63' title='bbox 398 1234 519 1292; x_wconf 84' lang='lat' dir='ltr'>trrmcos</span> <span class='ocrx_word' id='word_1_64' title='bbox 533 1229 687 1292; x_wconf 87' lang='lat' dir='ltr'>hostilibus</span> <span class='ocrx_word' id='word_1_65' title='bbox 702 1229 791 1291; x_wconf 90' lang='lat' dir='ltr'>armis</span> 
     </span>
     <span class='ocr_line' id='line_1_12' title="bbox 99 1309 802 1396; baseline 0.004 -24"><span class='ocrx_word' id='word_1_66' title='bbox 99 1309 185 1393; x_wconf 88' lang='lat' dir='ltr'>Ipsos</span> <span class='ocrx_word' id='word_1_67' title='bbox 200 1312 279 1374; x_wconf 88' lang='lat' dir='ltr'>ferre</span> <span class='ocrx_word' id='word_1_68' title='bbox 296 1312 400 1391; x_wconf 88' lang='lat' dir='ltr'>duces,</span> <span class='ocrx_word' id='word_1_69' title='bbox 414 1314 592 1396; x_wconf 88' lang='lat' dir='ltr'>inimicaque</span> <span class='ocrx_word' id='word_1_70' title='bbox 607 1313 727 1375; x_wconf 91' lang='lat' dir='ltr'>nomina</span> <span class='ocrx_word' id='word_1_71' title='bbox 740 1313 802 1395; x_wconf 87' lang='lat' dir='ltr'>figi.</span> 
     </span>
     <span class='ocr_line' id='line_1_13' title="bbox 99 1394 1137 1476; baseline 0.005 -19"><span class='ocrx_word' id='word_1_72' title='bbox 99 1394 229 1458; x_wconf 87' lang='lat' dir='ltr'>Ducitur</span> <span class='ocrx_word' id='word_1_73' title='bbox 242 1397 345 1459; x_wconf 86' lang='lat' dir='ltr'>infelix</span> <span class='ocrx_word' id='word_1_74' title='bbox 360 1418 434 1460; x_wconf 88' lang='lat' dir='ltr'>aevo</span> <span class='ocrx_word' id='word_1_75' title='bbox 448 1398 601 1461; x_wconf 88' lang='lat' dir='ltr'>confectus</span> <span class='ocrx_word' id='word_1_76' title='bbox 619 1397 763 1476; x_wconf 84' lang='lat' dir='ltr'>Acoetes,</span> <span class='ocrx_word' id='word_1_77' title='bbox 1105 1415 1137 1462; x_wconf 81' lang='lat'>85</span> 
     </span>
     <span class='ocr_line' id='line_1_14' title="bbox 99 1480 942 1565; baseline 0.002 -24"><span class='ocrx_word' id='word_1_78' title='bbox 99 1480 230 1544; x_wconf 86' lang='lat' dir='ltr'>Pectora</span> <span class='ocrx_word' id='word_1_79' title='bbox 243 1502 322 1544; x_wconf 91' lang='lat' dir='ltr'>nunc</span> <span class='ocrx_word' id='word_1_80' title='bbox 338 1482 461 1545; x_wconf 89' lang='lat' dir='ltr'>foedans</span> <span class='ocrx_word' id='word_1_81' title='bbox 476 1483 595 1565; x_wconf 79' lang='lat' dir='ltr'>pugnis,</span> <span class='ocrx_word' id='word_1_82' title='bbox 609 1503 689 1545; x_wconf 89' lang='lat' dir='ltr'>nunc</span> <span class='ocrx_word' id='word_1_83' title='bbox 704 1482 853 1564; x_wconf 87' lang='lat' dir='ltr'>unguibus</span> <span class='ocrx_word' id='word_1_84' title='bbox 868 1500 942 1556; x_wconf 89' lang='lat' dir='ltr'>ora;</span> 
     </span>
     <span class='ocr_line' id='line_1_15' title="bbox 101 1563 801 1650; baseline 0.003 -24"><span class='ocrx_word' id='word_1_85' title='bbox 101 1563 253 1628; x_wconf 85' lang='lat' dir='ltr'>Sternitur</span> <span class='ocrx_word' id='word_1_86' title='bbox 266 1572 298 1629; x_wconf 92' lang='lat' dir='ltr'>et</span> <span class='ocrx_word' id='word_1_87' title='bbox 312 1573 374 1629; x_wconf 91' lang='lat' dir='ltr'>toto</span> <span class='ocrx_word' id='word_1_88' title='bbox 388 1568 538 1650; x_wconf 87' lang='lat' dir='ltr'>projectus</span> <span class='ocrx_word' id='word_1_89' title='bbox 554 1587 676 1650; x_wconf 89' lang='lat' dir='ltr'>corpore</span> <span class='ocrx_word' id='word_1_90' title='bbox 692 1573 801 1629; x_wconf 89' lang='lat' dir='ltr'>terrae.</span> 
     </span>
     <span class='ocr_line' id='line_1_16' title="bbox 97 1647 838 1734; baseline 0.003 -24"><span class='ocrx_word' id='word_1_91' title='bbox 97 1647 223 1712; x_wconf 89' lang='lat' dir='ltr'>Ducunt</span> <span class='ocrx_word' id='word_1_92' title='bbox 237 1658 269 1712; x_wconf 88' lang='lat' dir='ltr'>et</span> <span class='ocrx_word' id='word_1_93' title='bbox 282 1651 396 1713; x_wconf 89' lang='lat' dir='ltr'>Rutulo</span> <span class='ocrx_word' id='word_1_94' title='bbox 411 1653 547 1734; x_wconf 87' lang='lat' dir='ltr'>perfusos</span> <span class='ocrx_word' id='word_1_95' title='bbox 561 1652 706 1733; x_wconf 90' lang='lat' dir='ltr'>sanguine</span> <span class='ocrx_word' id='word_1_96' title='bbox 722 1671 838 1714; x_wconf 70' lang='lat' dir='ltr'>eunus.</span> 
     </span>
     <span class='ocr_line' id='line_1_17' title="bbox 99 1732 885 1818; baseline 0.001 -23"><span class='ocrx_word' id='word_1_97' title='bbox 99 1732 173 1796; x_wconf 89' lang='lat' dir='ltr'>Post</span> <span class='ocrx_word' id='word_1_98' title='bbox 186 1734 310 1798; x_wconf 87' lang='lat' dir='ltr'>bellator</span> <span class='ocrx_word' id='word_1_99' title='bbox 325 1756 431 1818; x_wconf 86' lang='lat' dir='ltr'>equus,</span> <span class='ocrx_word' id='word_1_100' title='bbox 446 1736 547 1818; x_wconf 90' lang='lat' dir='ltr'>positis</span> <span class='ocrx_word' id='word_1_101' title='bbox 561 1736 738 1818; x_wconf 77' lang='lat' dir='ltr'>insignitae,</span> <span class='ocrx_word' id='word_1_102' title='bbox 751 1736 885 1813; x_wconf 86' lang='lat' dir='ltr'>Aethon,</span> 
     </span>
     <span class='ocr_line' id='line_1_18' title="bbox 98 1817 1135 1903; baseline 0.005 -24"><span class='ocrx_word' id='word_1_103' title='bbox 98 1817 130 1880; x_wconf 91' lang='lat' dir='ltr'>It</span> <span class='ocrx_word' id='word_1_104' title='bbox 144 1819 324 1903; x_wconf 83' lang='lat' dir='ltr'>lacrymans,</span> <span class='ocrx_word' id='word_1_105' title='bbox 339 1822 492 1903; x_wconf 88' lang='lat' dir='ltr'>guttisque</span> <span class='ocrx_word' id='word_1_106' title='bbox 507 1822 661 1883; x_wconf 87' lang='lat' dir='ltr'>humectat</span> <span class='ocrx_word' id='word_1_107' title='bbox 678 1820 839 1901; x_wconf 86' lang='lat' dir='ltr'>grandibus</span> <span class='ocrx_word' id='word_1_108' title='bbox 854 1838 916 1881; x_wconf 89' lang='lat' dir='ltr'>ora.</span> <span class='ocrx_word' id='word_1_109' title='bbox 1103 1836 1135 1884; x_wconf 87' lang='grc'>00</span> 
     </span>
     <span class='ocr_line' id='line_1_19' title="bbox 98 1903 962 1988; baseline -0.002 -22"><span class='ocrx_word' id='word_1_110' title='bbox 98 1903 228 1966; x_wconf 90' lang='lat' dir='ltr'>Hastam</span> <span class='ocrx_word' id='word_1_111' title='bbox 242 1905 292 1966; x_wconf 89' lang='lat' dir='ltr'>ahi</span> <span class='ocrx_word' id='word_1_112' title='bbox 306 1906 483 1988; x_wconf 82' lang='lat' dir='ltr'>galeamque</span> <span class='ocrx_word' id='word_1_113' title='bbox 498 1906 618 1968; x_wconf 88' lang='lat' dir='ltr'>ferunt:</span> <span class='ocrx_word' id='word_1_114' title='bbox 642 1926 712 1966; x_wconf 88' lang='lat' dir='ltr'>nam</span> <span class='ocrx_word' id='word_1_115' title='bbox 727 1912 830 1968; x_wconf 88' lang='lat' dir='ltr'>cetera</span> <span class='ocrx_word' id='word_1_116' title='bbox 843 1905 962 1966; x_wconf 89' lang='lat' dir='ltr'>Turnus</span> 
     </span>
     <span class='ocr_line' id='line_1_20' title="bbox 99 1988 1102 2072; baseline -0.002 -23"><span class='ocrx_word' id='word_1_117' title='bbox 99 1988 206 2050; x_wconf 89' lang='lat' dir='ltr'>Victor</span> <span class='ocrx_word' id='word_1_118' title='bbox 220 1988 320 2051; x_wconf 87' lang='lat' dir='ltr'>habet.</span> <span class='ocrx_word' id='word_1_119' title='bbox 364 1990 441 2053; x_wconf 91' lang='lat' dir='ltr'>Tum</span> <span class='ocrx_word' id='word_1_120' title='bbox 456 1995 570 2052; x_wconf 87' lang='lat' dir='ltr'>maesta</span> <span class='ocrx_word' id='word_1_121' title='bbox 584 1990 725 2072; x_wconf 87' lang='lat' dir='ltr'>phalanx,</span> <span class='ocrx_word' id='word_1_122' title='bbox 740 1989 909 2070; x_wconf 75' lang='lat' dir='ltr'>Teucrique</span> <span class='ocrx_word' id='word_1_123' title='bbox 924 1991 1102 2068; x_wconf 87' lang='lat' dir='ltr'>sequuntur,</span> 
     </span>
     <span class='ocr_line' id='line_1_21' title="bbox 98 2073 846 2156; baseline 0 -22"><span class='ocrx_word' id='word_1_124' title='bbox 98 2073 306 2156; x_wconf 79' lang='lat' dir='ltr'>Tyrrhenique</span> <span class='ocrx_word' id='word_1_125' title='bbox 321 2095 423 2137; x_wconf 89' lang='lat' dir='ltr'>omnes</span> <span class='ocrx_word' id='word_1_126' title='bbox 438 2081 469 2136; x_wconf 88' lang='lat' dir='ltr'>et</span> <span class='ocrx_word' id='word_1_127' title='bbox 483 2075 577 2136; x_wconf 85' lang='lat' dir='ltr'>versis</span> <span class='ocrx_word' id='word_1_128' title='bbox 591 2073 731 2136; x_wconf 87' lang='lat' dir='ltr'>Arcades</span> <span class='ocrx_word' id='word_1_129' title='bbox 746 2074 846 2135; x_wconf 80' lang='lat' dir='ltr'>armis</span> 
     </span>
     <span class='ocr_line' id='line_1_22' title="bbox 98 2156 926 2241; baseline 0 -22"><span class='ocrx_word' id='word_1_130' title='bbox 98 2157 263 2239; x_wconf 87' lang='lat' dir='ltr'>Postquam</span> <span class='ocrx_word' id='word_1_131' title='bbox 277 2159 370 2221; x_wconf 89' lang='lat' dir='ltr'>omnis</span> <span class='ocrx_word' id='word_1_132' title='bbox 384 2159 472 2240; x_wconf 88' lang='lat' dir='ltr'>longe</span> <span class='ocrx_word' id='word_1_133' title='bbox 488 2159 628 2222; x_wconf 90' lang='lat' dir='ltr'>comitum</span> <span class='ocrx_word' id='word_1_134' title='bbox 642 2163 828 2241; x_wconf 87' lang='lat' dir='ltr'>processerat</span> <span class='ocrx_word' id='word_1_135' title='bbox 843 2156 926 2235; x_wconf 90' lang='lat' dir='ltr'>ordo,</span> 
     </span>
     <span class='ocr_line' id='line_1_23' title="bbox 73 2239 1135 2326; baseline 0.003 -23"><span class='ocrx_word' id='word_1_136' title='bbox 73 2246 75 2251; x_wconf 82' lang='lat'>&#39;</span> <span class='ocrx_word' id='word_1_137' title='bbox 99 2239 239 2303; x_wconf 82' lang='lat' dir='ltr'>Substitit</span> <span class='ocrx_word' id='word_1_138' title='bbox 253 2241 385 2320; x_wconf 88' lang='lat' dir='ltr'>Aeneas,</span> <span class='ocrx_word' id='word_1_139' title='bbox 401 2244 573 2326; x_wconf 88' lang='lat' dir='ltr'>gemituque</span> <span class='ocrx_word' id='word_1_140' title='bbox 589 2244 664 2305; x_wconf 91' lang='lat' dir='ltr'>haec</span> <span class='ocrx_word' id='word_1_141' title='bbox 679 2242 773 2304; x_wconf 91' lang='lat' dir='ltr'>edidit</span> <span class='ocrx_word' id='word_1_142' title='bbox 788 2244 868 2305; x_wconf 87' lang='lat' dir='ltr'>alto:</span> <span class='ocrx_word' id='word_1_143' title='bbox 1103 2257 1135 2306; x_wconf 83' lang='lat'>95</span> 
     </span>
     <span class='ocr_line' id='line_1_24' title="bbox 97 2326 891 2411; baseline -0.001 -23"><span class='ocrx_word' id='word_1_144' title='bbox 97 2326 130 2388; x_wconf 88' lang='lat' dir='ltr'>N</span> <span class='ocrx_word' id='word_1_145' title='bbox 132 2347 163 2388; x_wconf 89' lang='lat' dir='ltr'>os</span> <span class='ocrx_word' id='word_1_146' title='bbox 178 2326 251 2388; x_wconf 88' lang='lat' dir='ltr'>alias</span> <span class='ocrx_word' id='word_1_147' title='bbox 265 2327 333 2390; x_wconf 91' lang='lat' dir='ltr'>hinc</span> <span class='ocrx_word' id='word_1_148' title='bbox 349 2327 388 2390; x_wconf 86' lang='lat' dir='ltr'>ad</span> <span class='ocrx_word' id='word_1_149' title='bbox 402 2328 550 2411; x_wconf 83' lang='lat' dir='ltr'>lacrymas</span> <span class='ocrx_word' id='word_1_150' title='bbox 566 2327 671 2389; x_wconf 91' lang='lat' dir='ltr'>eadem</span> <span class='ocrx_word' id='word_1_151' title='bbox 685 2327 807 2389; x_wconf 91' lang='lat' dir='ltr'>horrida</span> <span class='ocrx_word' id='word_1_152' title='bbox 820 2326 891 2389; x_wconf 93' lang='lat' dir='ltr'>belli</span> 
     </span>
     <span class='ocr_line' id='line_1_25' title="bbox 96 2410 943 2487; baseline -0.001 -15"><span class='ocrx_word' id='word_1_153' title='bbox 96 2411 175 2472; x_wconf 86' lang='lat' dir='ltr'>Fata</span> <span class='ocrx_word' id='word_1_154' title='bbox 189 2418 316 2474; x_wconf 86' lang='lat' dir='ltr'>vocant:</span> <span class='ocrx_word' id='word_1_155' title='bbox 341 2412 422 2474; x_wconf 87' lang='lat' dir='ltr'>salve</span> <span class='ocrx_word' id='word_1_156' title='bbox 438 2419 594 2474; x_wconf 88' lang='lat' dir='ltr'>aeternum</span> <span class='ocrx_word' id='word_1_157' title='bbox 608 2412 689 2487; x_wconf 89' lang='lat' dir='ltr'>mihi,</span> <span class='ocrx_word' id='word_1_158' title='bbox 704 2412 831 2472; x_wconf 90' lang='lat' dir='ltr'>maxime</span> <span class='ocrx_word' id='word_1_159' title='bbox 847 2410 943 2487; x_wconf 90' lang='lat' dir='ltr'>Palla,</span> 
     </span>
     <span class='ocr_line' id='line_1_26' title="bbox 96 2494 907 2578; baseline -0.001 -21"><span class='ocrx_word' id='word_1_160' title='bbox 96 2494 325 2578; x_wconf 87' lang='lat' dir='ltr'>Aeternumque</span> <span class='ocrx_word' id='word_1_161' title='bbox 340 2497 417 2559; x_wconf 87' lang='lat' dir='ltr'>vale.</span> <span class='ocrx_word' id='word_1_162' title='bbox 462 2496 495 2559; x_wconf 88' lang='lat' dir='ltr'>N</span> <span class='ocrx_word' id='word_1_163' title='bbox 496 2517 530 2559; x_wconf 90' lang='lat' dir='ltr'>ec</span> <span class='ocrx_word' id='word_1_164' title='bbox 544 2496 631 2578; x_wconf 92' lang='lat' dir='ltr'>plura</span> <span class='ocrx_word' id='word_1_165' title='bbox 645 2496 762 2573; x_wconf 85' lang='lat' dir='ltr'>effatus,</span> <span class='ocrx_word' id='word_1_166' title='bbox 778 2495 817 2557; x_wconf 90' lang='lat' dir='ltr'>ad</span> <span class='ocrx_word' id='word_1_167' title='bbox 832 2495 907 2557; x_wconf 85' lang='lat' dir='ltr'>altos</span> 
     </span>
     <span class='ocr_line' id='line_1_27' title="bbox 97 2579 888 2663; baseline -0.004 -21"><span class='ocrx_word' id='word_1_168' title='bbox 97 2579 253 2642; x_wconf 81' lang='lat' dir='ltr'>Tendebat</span> <span class='ocrx_word' id='word_1_169' title='bbox 267 2601 378 2659; x_wconf 90' lang='lat' dir='ltr'>muros,</span> <span class='ocrx_word' id='word_1_170' title='bbox 393 2601 587 2663; x_wconf 87' lang='lat' dir='ltr'>gressumque</span> <span class='ocrx_word' id='word_1_171' title='bbox 601 2581 633 2642; x_wconf 90' lang='lat' dir='ltr'>in</span> <span class='ocrx_word' id='word_1_172' title='bbox 648 2585 747 2642; x_wconf 84' lang='lat' dir='ltr'>castra</span> <span class='ocrx_word' id='word_1_173' title='bbox 761 2580 888 2642; x_wconf 89' lang='lat' dir='ltr'>ferebat.</span> 
     </span>
     <span class='ocr_line' id='line_1_28' title="bbox 140 2663 1134 2746; baseline 0.001 -19"><span class='ocrx_word' id='word_1_174' title='bbox 140 2664 270 2746; x_wconf 86' lang='lat' dir='ltr'>Jamque</span> <span class='ocrx_word' id='word_1_175' title='bbox 286 2672 417 2727; x_wconf 86' lang='lat' dir='ltr'>oratores</span> <span class='ocrx_word' id='word_1_176' title='bbox 433 2665 559 2727; x_wconf 88' lang='lat' dir='ltr'>aderant</span> <span class='ocrx_word' id='word_1_177' title='bbox 574 2686 611 2726; x_wconf 87' lang='lat' dir='ltr'>ex</span> <span class='ocrx_word' id='word_1_178' title='bbox 625 2666 699 2726; x_wconf 88' lang='lat' dir='ltr'>urbe</span> <span class='ocrx_word' id='word_1_179' title='bbox 715 2663 834 2742; x_wconf 89' lang='lat' dir='ltr'>Latina,</span> <span class='ocrx_word' id='word_1_180' title='bbox 1088 2679 1134 2728; x_wconf 96' lang='grc'>100</span> 
     </span>
     <span class='ocr_line' id='line_1_29' title="bbox 97 2748 758 2831; baseline -0.002 -21"><span class='ocrx_word' id='word_1_181' title='bbox 97 2748 201 2811; x_wconf 89' lang='lat' dir='ltr'>Velati</span> <span class='ocrx_word' id='word_1_182' title='bbox 215 2750 304 2812; x_wconf 88' lang='lat' dir='ltr'>ramis</span> <span class='ocrx_word' id='word_1_183' title='bbox 319 2750 401 2812; x_wconf 87' lang='lat' dir='ltr'>oleae</span> <span class='ocrx_word' id='word_1_184' title='bbox 417 2750 592 2831; x_wconf 86' lang='lat' dir='ltr'>veniamque</span> <span class='ocrx_word' id='word_1_185' title='bbox 607 2754 758 2830; x_wconf 89' lang='lat' dir='ltr'>rogantes,</span> 
     </span>
     <span class='ocr_line' id='line_1_30' title="bbox 98 2832 877 2917; baseline -0.001 -23"><span class='ocrx_word' id='word_1_186' title='bbox 98 2832 242 2914; x_wconf 81' lang='lat' dir='ltr'>Corpora,</span> <span class='ocrx_word' id='word_1_187' title='bbox 257 2855 312 2917; x_wconf 90' lang='lat' dir='ltr'>per</span> <span class='ocrx_word' id='word_1_188' title='bbox 327 2855 446 2915; x_wconf 91' lang='lat' dir='ltr'>campos</span> <span class='ocrx_word' id='word_1_189' title='bbox 460 2834 540 2895; x_wconf 89' lang='lat' dir='ltr'>ferro</span> <span class='ocrx_word' id='word_1_190' title='bbox 554 2854 631 2915; x_wconf 89' lang='lat' dir='ltr'>quae</span> <span class='ocrx_word' id='word_1_191' title='bbox 646 2834 714 2894; x_wconf 88' lang='lat' dir='ltr'>fusa</span> <span class='ocrx_word' id='word_1_192' title='bbox 723 2832 877 2915; x_wconf 83' lang='lat' dir='ltr'>jacebant,</span> 
     </span>
     <span class='ocr_line' id='line_1_31' title="bbox 98 2916 870 2980; baseline 0 -2"><span class='ocrx_word' id='word_1_193' title='bbox 98 2916 253 2980; x_wconf 85' lang='lat' dir='ltr'>Redderet</span> <span class='ocrx_word' id='word_1_194' title='bbox 267 2938 302 2980; x_wconf 91' lang='lat' dir='ltr'>ac</span> <span class='ocrx_word' id='word_1_195' title='bbox 318 2919 431 2979; x_wconf 91' lang='lat' dir='ltr'>tumulo</span> <span class='ocrx_word' id='word_1_196' title='bbox 446 2919 558 2979; x_wconf 89' lang='lat' dir='ltr'>sineret</span> <span class='ocrx_word' id='word_1_197' title='bbox 571 2917 733 2979; x_wconf 90' lang='lat' dir='ltr'>succedere</span> <span class='ocrx_word' id='word_1_198' title='bbox 749 2922 870 2979; x_wconf 83' lang='lat' dir='ltr'>terrae:</span> 
     </span>
     <span class='ocr_line' id='line_1_32' title="bbox 97 3001 889 3074; baseline 0 -12"><span class='ocrx_word' id='word_1_199' title='bbox 97 3001 224 3063; x_wconf 91' lang='lat' dir='ltr'>Nullum</span> <span class='ocrx_word' id='word_1_200' title='bbox 240 3022 308 3064; x_wconf 89' lang='lat' dir='ltr'>cum</span> <span class='ocrx_word' id='word_1_201' title='bbox 322 3001 409 3064; x_wconf 85' lang='lat' dir='ltr'>victis</span> <span class='ocrx_word' id='word_1_202' title='bbox 426 3008 578 3064; x_wconf 88' lang='lat' dir='ltr'>certamen</span> <span class='ocrx_word' id='word_1_203' title='bbox 593 3007 624 3063; x_wconf 88' lang='lat' dir='ltr'>et</span> <span class='ocrx_word' id='word_1_204' title='bbox 638 3002 760 3062; x_wconf 87' lang='lat' dir='ltr'>aethere</span> <span class='ocrx_word' id='word_1_205' title='bbox 776 3001 889 3074; x_wconf 84' lang='lat' dir='ltr'>cassis;</span> 
     </span>
     <span class='ocr_line' id='line_1_33' title="bbox 97 3084 1136 3167; baseline 0.001 -21"><span class='ocrx_word' id='word_1_206' title='bbox 97 3085 243 3147; x_wconf 90' lang='lat' dir='ltr'>Parcerct</span> <span class='ocrx_word' id='word_1_207' title='bbox 256 3087 310 3149; x_wconf 89' lang='lat' dir='ltr'>hos</span> <span class='ocrx_word' id='word_1_208' title='bbox 331 3086 420 3147; x_wconf 87' lang='lat' dir='ltr'>itibus</span> <span class='ocrx_word' id='word_1_209' title='bbox 436 3086 585 3167; x_wconf 89' lang='lat' dir='ltr'>quondam</span> <span class='ocrx_word' id='word_1_210' title='bbox 599 3084 769 3165; x_wconf 90' lang='lat' dir='ltr'>socerisque</span> <span class='ocrx_word' id='word_1_211' title='bbox 784 3084 908 3146; x_wconf 87' lang='lat' dir='ltr'>vocatis.</span> <span class='ocrx_word' id='word_1_212' title='bbox 1089 3099 1136 3147; x_wconf 81' lang='lat'>105</span> 
     </span>
     <span class='ocr_line' id='line_1_34' title="bbox 97 3167 896 3251; baseline -0.001 -21"><span class='ocrx_word' id='word_1_213' title='bbox 97 3167 180 3240; x_wconf 81' lang='lat' dir='ltr'>Quos</span> <span class='ocrx_word' id='word_1_214' title='bbox 195 3169 289 3232; x_wconf 89' lang='lat' dir='ltr'>bonus</span> <span class='ocrx_word' id='word_1_215' title='bbox 336 3189 425 3231; x_wconf 87' lang='lat' dir='ltr'>eneas</span> <span class='ocrx_word' id='word_1_216' title='bbox 439 3169 521 3231; x_wconf 91' lang='lat' dir='ltr'>haud</span> <span class='ocrx_word' id='word_1_217' title='bbox 536 3167 723 3251; x_wconf 87' lang='lat' dir='ltr'>aspernanda</span> <span class='ocrx_word' id='word_1_218' title='bbox 737 3174 896 3250; x_wconf 89' lang='lat' dir='ltr'>precantes</span> 
     </span>
     <span class='ocr_line' id='line_1_35' title="bbox 97 3251 909 3335; baseline -0.004 -20"><span class='ocrx_word' id='word_1_219' title='bbox 97 3253 294 3334; x_wconf 87' lang='lat' dir='ltr'>Prosequitur</span> <span class='ocrx_word' id='word_1_220' title='bbox 308 3254 407 3332; x_wconf 89' lang='lat' dir='ltr'>venia,</span> <span class='ocrx_word' id='word_1_221' title='bbox 422 3260 453 3315; x_wconf 89' lang='lat' dir='ltr'>et</span> <span class='ocrx_word' id='word_1_222' title='bbox 466 3255 565 3316; x_wconf 84' lang='lat' dir='ltr'>verbis</span> <span class='ocrx_word' id='word_1_223' title='bbox 579 3256 654 3315; x_wconf 88' lang='lat' dir='ltr'>haec</span> <span class='ocrx_word' id='word_1_224' title='bbox 668 3253 791 3335; x_wconf 90' lang='lat' dir='ltr'>insuper</span> <span class='ocrx_word' id='word_1_225' title='bbox 805 3251 909 3314; x_wconf 82' lang='lat' dir='ltr'>addit:</span> 
     </span>
     <span class='ocr_line' id='line_1_36' title="bbox 99 3336 826 3418; baseline 0 -20"><span class='ocrx_word' id='word_1_226' title='bbox 99 3336 255 3409; x_wconf 83' lang='lat' dir='ltr'>Quaenam</span> <span class='ocrx_word' id='word_1_227' title='bbox 268 3358 320 3400; x_wconf 88' lang='lat' dir='ltr'>ros</span> <span class='ocrx_word' id='word_1_228' title='bbox 336 3343 419 3400; x_wconf 87' lang='lat' dir='ltr'>tanto</span> <span class='ocrx_word' id='word_1_229' title='bbox 432 3339 552 3400; x_wconf 89' lang='lat' dir='ltr'>fortuna</span> <span class='ocrx_word' id='word_1_230' title='bbox 566 3337 700 3418; x_wconf 92' lang='lat' dir='ltr'>indigna,</span> <span class='ocrx_word' id='word_1_231' title='bbox 716 3336 826 3414; x_wconf 88' lang='lat' dir='ltr'>Latini,</span> 
     </span>
     <span class='ocr_line' id='line_1_37' title="bbox 98 3419 772 3504; baseline 0.001 -22"><span class='ocrx_word' id='word_1_232' title='bbox 98 3421 250 3503; x_wconf 89' lang='lat' dir='ltr'>Imphcuit</span> <span class='ocrx_word' id='word_1_233' title='bbox 262 3423 351 3500; x_wconf 90' lang='lat' dir='ltr'>bello,</span> <span class='ocrx_word' id='word_1_234' title='bbox 368 3423 419 3504; x_wconf 92' lang='lat' dir='ltr'>qui</span> <span class='ocrx_word' id='word_1_235' title='bbox 433 3443 486 3485; x_wconf 90' lang='lat' dir='ltr'>nos</span> <span class='ocrx_word' id='word_1_236' title='bbox 500 3423 621 3504; x_wconf 87' lang='lat' dir='ltr'>fugiatis</span> <span class='ocrx_word' id='word_1_237' title='bbox 637 3421 746 3484; x_wconf 86' lang='lat' dir='ltr'>amicos</span> <span class='ocrx_word' id='word_1_238' title='bbox 760 3419 772 3482; x_wconf 77' lang='grc' dir='ltr'>’ἒ</span> 
     </span>
     <span class='ocr_line' id='line_1_38' title="bbox 99 3504 1137 3588; baseline 0.004 -22"><span class='ocrx_word' id='word_1_239' title='bbox 99 3505 211 3567; x_wconf 90' lang='lat' dir='ltr'>Pacem</span> <span class='ocrx_word' id='word_1_240' title='bbox 225 3526 273 3567; x_wconf 92' lang='lat' dir='ltr'>me</span> <span class='ocrx_word' id='word_1_241' title='bbox 288 3506 430 3568; x_wconf 88' lang='lat' dir='ltr'>exanimis</span> <span class='ocrx_word' id='word_1_242' title='bbox 446 3512 477 3568; x_wconf 91' lang='lat' dir='ltr'>et</span> <span class='ocrx_word' id='word_1_243' title='bbox 491 3506 600 3568; x_wconf 85' lang='lat' dir='ltr'>Martis</span> <span class='ocrx_word' id='word_1_244' title='bbox 615 3512 694 3568; x_wconf 89' lang='lat' dir='ltr'>sorte</span> <span class='ocrx_word' id='word_1_245' title='bbox 710 3504 851 3588; x_wconf 90' lang='lat' dir='ltr'>peremtis</span> <span class='ocrx_word' id='word_1_246' title='bbox 1091 3523 1137 3570; x_wconf 92' lang='grc'>110</span> 
     </span>
     <span class='ocr_line' id='line_1_39' title="bbox 101 3588 873 3672; baseline -0.004 -21"><span class='ocrx_word' id='word_1_247' title='bbox 101 3588 228 3652; x_wconf 82' lang='lat' dir='ltr'>Oratis?</span> <span class='ocrx_word' id='word_1_248' title='bbox 273 3591 422 3672; x_wconf 87' lang='lat' dir='ltr'>Equidem</span> <span class='ocrx_word' id='word_1_249' title='bbox 438 3598 469 3652; x_wconf 88' lang='lat' dir='ltr'>et</span> <span class='ocrx_word' id='word_1_250' title='bbox 484 3591 558 3653; x_wconf 84' lang='lat' dir='ltr'>vivis</span> <span class='ocrx_word' id='word_1_251' title='bbox 574 3590 739 3653; x_wconf 88' lang='lat' dir='ltr'>concedere</span> <span class='ocrx_word' id='word_1_252' title='bbox 755 3590 873 3651; x_wconf 90' lang='lat' dir='ltr'>vellem.</span> 
     </span>
     <span class='ocr_line' id='line_1_40' title="bbox 99 3672 887 3756; baseline -0.001 -22"><span class='ocrx_word' id='word_1_253' title='bbox 99 3673 131 3734; x_wconf 89' lang='lat' dir='ltr'>N</span> <span class='ocrx_word' id='word_1_254' title='bbox 132 3694 167 3735; x_wconf 91' lang='lat' dir='ltr'>ec</span> <span class='ocrx_word' id='word_1_255' title='bbox 183 3674 262 3751; x_wconf 90' lang='lat' dir='ltr'>veni,</span> <span class='ocrx_word' id='word_1_256' title='bbox 276 3676 333 3737; x_wconf 89' lang='lat' dir='ltr'>nisi</span> <span class='ocrx_word' id='word_1_257' title='bbox 347 3675 412 3736; x_wconf 89' lang='lat' dir='ltr'>fata</span> <span class='ocrx_word' id='word_1_258' title='bbox 425 3676 523 3737; x_wconf 90' lang='lat' dir='ltr'>locum</span> <span class='ocrx_word' id='word_1_259' title='bbox 537 3674 698 3756; x_wconf 89' lang='lat' dir='ltr'>sedemque</span> <span class='ocrx_word' id='word_1_260' title='bbox 714 3672 867 3734; x_wconf 89' lang='lat' dir='ltr'>dedissent</span> <span class='ocrx_word' id='word_1_261' title='bbox 879 3689 887 3745; x_wconf 93' lang='grc'><strong>;</strong></span> 
     </span>
     <span class='ocr_line' id='line_1_41' title="bbox 99 3755 918 3840; baseline -0.005 -20"><span class='ocrx_word' id='word_1_262' title='bbox 99 3758 131 3820; x_wconf 91' lang='lat' dir='ltr'>N</span> <span class='ocrx_word' id='word_1_263' title='bbox 133 3778 167 3819; x_wconf 90' lang='lat' dir='ltr'>ee</span> <span class='ocrx_word' id='word_1_264' title='bbox 183 3760 293 3821; x_wconf 90' lang='lat' dir='ltr'>bellum</span> <span class='ocrx_word' id='word_1_265' title='bbox 309 3779 377 3821; x_wconf 88' lang='lat' dir='ltr'>cum</span> <span class='ocrx_word' id='word_1_266' title='bbox 392 3766 481 3840; x_wconf 87' lang='lat' dir='ltr'>gente</span> <span class='ocrx_word' id='word_1_267' title='bbox 497 3780 569 3840; x_wconf 90' lang='lat' dir='ltr'>gero</span> <span class='ocrx_word' id='word_1_268' title='bbox 583 3778 591 3833; x_wconf 91' lang='lat'>;</span> <span class='ocrx_word' id='word_1_269' title='bbox 614 3779 668 3820; x_wconf 90' lang='lat' dir='ltr'>rex</span> <span class='ocrx_word' id='word_1_270' title='bbox 681 3761 783 3819; x_wconf 88' lang='lat' dir='ltr'>nostra</span> <span class='ocrx_word' id='word_1_271' title='bbox 797 3755 918 3838; x_wconf 90' lang='lat' dir='ltr'>reliquit</span> 
     </span>
    </p>
   </div>
   <div class='ocr_carea' id='block_1_4' title="bbox 0 0 1252 4334">
    <p class='ocr_par' dir='ltr' id='par_1_4' title="bbox 0 0 1252 4334">
     <span class='ocr_line' id='line_1_42' title="bbox 0 0 1252 4334; baseline 0 0"><span class='ocrx_word' id='word_1_272' title='bbox 0 0 1252 4334; x_wconf 95' lang='lat' dir='ltr'> </span> 
     </span>
    </p>
   </div>
  </div>
 </body>
</html>
