<?xml version="1.0" encoding="UTF-8"?>
<!DOCTYPE html PUBLIC "-//W3C//DTD XHTML 1.0 Transitional//EN"
    "http://www.w3.org/TR/xhtml1/DTD/xhtml1-transitional.dtd">
<html xmlns="http://www.w3.org/1999/xhtml" xml:lang="en" lang="en">
 <head>
  <title>
</title>
<meta http-equiv="Content-Type" content="text/html;charset=utf-8" />
  <meta name='ocr-system' content='tesseract 3.04.00' />
  <meta name='ocr-capabilities' content='ocr_page ocr_carea ocr_par ocr_line ocrx_word'/>
</head>
<body>
  <div class='ocr_page' id='page_1' title='image "./bucolicsgeorgic00virggoog/bucolicsgeorgic00virggoog_0099.png"; bbox 0 0 2496 4334; ppageno 0'>
   <div class='ocr_carea' id='block_1_1' title="bbox 97 272 793 336">
    <p class='ocr_par' dir='ltr' id='par_1_1' title="bbox 97 272 793 336">
     <span class='ocr_line' id='line_1_1' title="bbox 97 272 793 336; baseline -0.01 0"><span class='ocrx_word' id='word_1_1' title='bbox 97 272 137 336; x_wconf 91' lang='lat'>88</span> <span class='ocrx_word' id='word_1_2' title='bbox 433 286 463 331; x_wconf 80' lang='lat' dir='ltr'>r.</span> <span class='ocrx_word' id='word_1_3' title='bbox 487 282 629 331; x_wconf 82' lang='lat' dir='ltr'>vmcrrm</span> <span class='ocrx_word' id='word_1_4' title='bbox 649 282 793 330; x_wconf 68' lang='lat' dir='ltr'>amotus</span> 
     </span>
    </p>
   </div>
   <div class='ocr_carea' id='block_1_2' title="bbox 96 438 974 3840">
    <p class='ocr_par' dir='ltr' id='par_1_2' title="bbox 96 438 974 3840">
     <span class='ocr_line' id='line_1_2' title="bbox 96 438 880 525; baseline -0.001 -20"><span class='ocrx_word' id='word_1_5' title='bbox 96 442 216 506; x_wconf 89' lang='lat' dir='ltr'>Bellum</span> <span class='ocrx_word' id='word_1_6' title='bbox 229 442 336 525; x_wconf 88' lang='lat' dir='ltr'>iugens</span> <span class='ocrx_word' id='word_1_7' title='bbox 352 444 439 523; x_wconf 88' lang='lat' dir='ltr'>geret</span> <span class='ocrx_word' id='word_1_8' title='bbox 453 438 553 517; x_wconf 87' lang='lat' dir='ltr'>Italia,</span> <span class='ocrx_word' id='word_1_9' title='bbox 567 440 750 523; x_wconf 87' lang='lat' dir='ltr'>populosque</span> <span class='ocrx_word' id='word_1_10' title='bbox 765 439 880 504; x_wconf 80' lang='lat' dir='ltr'>feroces</span> 
     </span>
     <span class='ocr_line' id='line_1_3' title="bbox 98 524 844 607; baseline -0.005 -17"><span class='ocrx_word' id='word_1_11' title='bbox 98 527 288 603; x_wconf 82' lang='lat' dir='ltr'>Contundet3</span> <span class='ocrx_word' id='word_1_12' title='bbox 311 545 467 606; x_wconf 87' lang='lat' dir='ltr'>moresque</span> <span class='ocrx_word' id='word_1_13' title='bbox 482 524 553 587; x_wconf 82' lang='lat' dir='ltr'>viris</span> <span class='ocrx_word' id='word_1_14' title='bbox 570 530 601 586; x_wconf 91' lang='lat' dir='ltr'>et</span> <span class='ocrx_word' id='word_1_15' title='bbox 613 525 730 586; x_wconf 90' lang='lat' dir='ltr'>moenia</span> <span class='ocrx_word' id='word_1_16' title='bbox 743 531 844 607; x_wconf 86' lang='lat' dir='ltr'>ponet,</span> 
     </span>
     <span class='ocr_line' id='line_1_4' title="bbox 97 609 826 691; baseline -0.003 -16"><span class='ocrx_word' id='word_1_17' title='bbox 97 613 200 675; x_wconf 78' lang='lat' dir='ltr'>Tertia</span> <span class='ocrx_word' id='word_1_18' title='bbox 215 612 286 674; x_wconf 92' lang='lat' dir='ltr'>dum</span> <span class='ocrx_word' id='word_1_19' title='bbox 301 611 387 673; x_wconf 90' lang='lat' dir='ltr'>Latio</span> <span class='ocrx_word' id='word_1_20' title='bbox 402 616 579 691; x_wconf 73' lang='lat' dir='ltr'>regnantem</span> <span class='ocrx_word' id='word_1_21' title='bbox 593 609 703 672; x_wconf 84' lang='lat' dir='ltr'>viderit</span> <span class='ocrx_word' id='word_1_22' title='bbox 717 616 826 689; x_wconf 88' lang='lat' dir='ltr'>aestas,</span> 
     </span>
     <span class='ocr_line' id='line_1_5' title="bbox 97 694 871 780; baseline 0.001 -21"><span class='ocrx_word' id='word_1_23' title='bbox 97 698 255 780; x_wconf 76' lang='lat' dir='ltr'>Pomaque</span> <span class='ocrx_word' id='word_1_24' title='bbox 271 696 443 759; x_wconf 75' lang='lat' dir='ltr'>transierint</span> <span class='ocrx_word' id='word_1_25' title='bbox 457 695 577 757; x_wconf 82' lang='lat' dir='ltr'>Rutulis</span> <span class='ocrx_word' id='word_1_26' title='bbox 592 694 717 757; x_wconf 88' lang='lat' dir='ltr'>hiberna</span> <span class='ocrx_word' id='word_1_27' title='bbox 730 696 871 760; x_wconf 89' lang='lat' dir='ltr'>subactis.</span> 
     </span>
     <span class='ocr_line' id='line_1_6' title="bbox 96 780 828 864; baseline -0.001 -20"><span class='ocrx_word' id='word_1_28' title='bbox 96 782 143 844; x_wconf 93' lang='lat' dir='ltr'>At</span> <span class='ocrx_word' id='word_1_29' title='bbox 158 803 233 864; x_wconf 89' lang='lat' dir='ltr'>puer</span> <span class='ocrx_word' id='word_1_30' title='bbox 248 781 409 858; x_wconf 86' lang='lat' dir='ltr'>Ascanius,</span> <span class='ocrx_word' id='word_1_31' title='bbox 424 780 472 842; x_wconf 91' lang='lat' dir='ltr'>cui</span> <span class='ocrx_word' id='word_1_32' title='bbox 488 800 568 842; x_wconf 88' lang='lat' dir='ltr'>nune</span> <span class='ocrx_word' id='word_1_33' title='bbox 584 800 747 862; x_wconf 79' lang='lat' dir='ltr'>cognomen</span> <span class='ocrx_word' id='word_1_34' title='bbox 761 780 828 843; x_wconf 91' lang='lat' dir='ltr'>Iulo</span> 
     </span>
     <span class='ocr_line' id='line_1_7' title="bbox 97 864 943 948; baseline 0 -19"><span class='ocrx_word' id='word_1_35' title='bbox 97 867 242 945; x_wconf 85' lang='lat' dir='ltr'>Additur,</span> <span class='ocrx_word' id='word_1_36' title='bbox 253 903 297 913; x_wconf 95' lang='lat'>—</span> <span class='ocrx_word' id='word_1_37' title='bbox 308 867 372 928; x_wconf 87' lang='lat' dir='ltr'>Ilus</span> <span class='ocrx_word' id='word_1_38' title='bbox 388 872 464 944; x_wconf 85' lang='lat' dir='ltr'>erat,</span> <span class='ocrx_word' id='word_1_39' title='bbox 479 864 551 926; x_wconf 91' lang='lat' dir='ltr'>dum</span> <span class='ocrx_word' id='word_1_40' title='bbox 565 886 613 927; x_wconf 89' lang='lat' dir='ltr'>res</span> <span class='ocrx_word' id='word_1_41' title='bbox 629 866 712 927; x_wconf 86' lang='lat' dir='ltr'>stetit</span> <span class='ocrx_word' id='word_1_42' title='bbox 726 865 784 928; x_wconf 88' lang='lat' dir='ltr'>Ilia</span> <span class='ocrx_word' id='word_1_43' title='bbox 797 887 891 948; x_wconf 93' lang='lat' dir='ltr'>regno</span> <span class='ocrx_word' id='word_1_44' title='bbox 902 902 943 914; x_wconf 92' lang='lat'>-</span> 
     </span>
     <span class='ocr_line' id='line_1_8' title="bbox 97 951 803 1035; baseline -0.003 -20"><span class='ocrx_word' id='word_1_45' title='bbox 97 953 234 1035; x_wconf 81' lang='lat' dir='ltr'>Triginta</span> <span class='ocrx_word' id='word_1_46' title='bbox 247 972 370 1034; x_wconf 90' lang='lat' dir='ltr'>magnos</span> <span class='ocrx_word' id='word_1_47' title='bbox 385 951 538 1013; x_wconf 84' lang='lat' dir='ltr'>volvendis</span> <span class='ocrx_word' id='word_1_48' title='bbox 552 951 702 1013; x_wconf 90' lang='lat' dir='ltr'>mensibus</span> <span class='ocrx_word' id='word_1_49' title='bbox 717 952 803 1013; x_wconf 88' lang='lat' dir='ltr'>orbes</span> 
     </span>
     <span class='ocr_line' id='line_1_9' title="bbox 97 1035 846 1121; baseline -0.001 -22"><span class='ocrx_word' id='word_1_50' title='bbox 97 1037 228 1121; x_wconf 87' lang='lat' dir='ltr'>Imperio</span> <span class='ocrx_word' id='word_1_51' title='bbox 244 1037 384 1120; x_wconf 86' lang='lat' dir='ltr'>explebit,</span> <span class='ocrx_word' id='word_1_52' title='bbox 399 1056 585 1118; x_wconf 85' lang='lat' dir='ltr'>regnumque</span> <span class='ocrx_word' id='word_1_53' title='bbox 600 1036 638 1097; x_wconf 90' lang='lat' dir='ltr'>ab</span> <span class='ocrx_word' id='word_1_54' title='bbox 653 1035 724 1098; x_wconf 87' lang='lat' dir='ltr'>sede</span> <span class='ocrx_word' id='word_1_55' title='bbox 739 1035 846 1100; x_wconf 86' lang='lat' dir='ltr'>Lavini</span> 
     </span>
     <span class='ocr_line' id='line_1_10' title="bbox 98 1120 878 1203; baseline 0.001 -20"><span class='ocrx_word' id='word_1_56' title='bbox 98 1123 282 1200; x_wconf 78' lang='lat' dir='ltr'>Transferat,</span> <span class='ocrx_word' id='word_1_57' title='bbox 299 1128 330 1184; x_wconf 85' lang='lat' dir='ltr'>et</span> <span class='ocrx_word' id='word_1_58' title='bbox 344 1122 464 1203; x_wconf 89' lang='lat' dir='ltr'>longam</span> <span class='ocrx_word' id='word_1_59' title='bbox 477 1122 573 1183; x_wconf 90' lang='lat' dir='ltr'>multa</span> <span class='ocrx_word' id='word_1_60' title='bbox 587 1121 617 1183; x_wconf 85' lang='lat' dir='ltr'>vi</span> <span class='ocrx_word' id='word_1_61' title='bbox 630 1121 744 1183; x_wconf 89' lang='lat' dir='ltr'>muniet</span> <span class='ocrx_word' id='word_1_62' title='bbox 758 1120 878 1184; x_wconf 90' lang='lat' dir='ltr'>Albam.</span> 
     </span>
     <span class='ocr_line' id='line_1_11' title="bbox 97 1206 817 1290; baseline 0 -21"><span class='ocrx_word' id='word_1_63' title='bbox 97 1208 158 1269; x_wconf 88' lang='lat' dir='ltr'>Hie</span> <span class='ocrx_word' id='word_1_64' title='bbox 169 1209 233 1290; x_wconf 89' lang='lat' dir='ltr'>jam</span> <span class='ocrx_word' id='word_1_65' title='bbox 248 1213 295 1269; x_wconf 89' lang='lat' dir='ltr'>ter</span> <span class='ocrx_word' id='word_1_66' title='bbox 310 1213 431 1269; x_wconf 87' lang='lat' dir='ltr'>centnm</span> <span class='ocrx_word' id='word_1_67' title='bbox 445 1211 522 1268; x_wconf 88' lang='lat' dir='ltr'>totos</span> <span class='ocrx_word' id='word_1_68' title='bbox 536 1206 712 1287; x_wconf 79' lang='lat' dir='ltr'>regnabitur</span> <span class='ocrx_word' id='word_1_69' title='bbox 725 1227 817 1269; x_wconf 90' lang='lat' dir='ltr'>annos</span> 
     </span>
     <span class='ocr_line' id='line_1_12' title="bbox 99 1291 849 1372; baseline -0.001 -17"><span class='ocrx_word' id='word_1_70' title='bbox 99 1291 198 1355; x_wconf 83' lang='lat' dir='ltr'>Gente</span> <span class='ocrx_word' id='word_1_71' title='bbox 214 1292 268 1354; x_wconf 93' lang='lat' dir='ltr'>sub</span> <span class='ocrx_word' id='word_1_72' title='bbox 283 1292 456 1366; x_wconf 87' lang='lat' dir='ltr'>Hectorea;</span> <span class='ocrx_word' id='word_1_73' title='bbox 479 1291 573 1352; x_wconf 88' lang='lat' dir='ltr'>donec</span> <span class='ocrx_word' id='word_1_74' title='bbox 588 1291 695 1372; x_wconf 89' lang='lat' dir='ltr'>regina</span> <span class='ocrx_word' id='word_1_75' title='bbox 709 1292 849 1355; x_wconf 81' lang='lat' dir='ltr'>sacerdos</span> 
     </span>
     <span class='ocr_line' id='line_1_13' title="bbox 97 1376 885 1459; baseline 0.001 -21"><span class='ocrx_word' id='word_1_76' title='bbox 97 1377 198 1439; x_wconf 87' lang='lat' dir='ltr'>Marte</span> <span class='ocrx_word' id='word_1_77' title='bbox 214 1378 312 1458; x_wconf 85' lang='lat' dir='ltr'>gravis</span> <span class='ocrx_word' id='word_1_78' title='bbox 328 1377 475 1458; x_wconf 88' lang='lat' dir='ltr'>geminam</span> <span class='ocrx_word' id='word_1_79' title='bbox 491 1381 578 1457; x_wconf 90' lang='lat' dir='ltr'>partu</span> <span class='ocrx_word' id='word_1_80' title='bbox 593 1376 676 1438; x_wconf 90' lang='lat' dir='ltr'>dabit</span> <span class='ocrx_word' id='word_1_81' title='bbox 690 1376 748 1439; x_wconf 92' lang='lat' dir='ltr'>Ilia</span> <span class='ocrx_word' id='word_1_82' title='bbox 762 1378 885 1459; x_wconf 90' lang='lat' dir='ltr'>prolem.</span> 
     </span>
     <span class='ocr_line' id='line_1_14' title="bbox 97 1461 768 1544; baseline -0.001 -21"><span class='ocrx_word' id='word_1_83' title='bbox 97 1461 174 1524; x_wconf 89' lang='lat' dir='ltr'>Inde</span> <span class='ocrx_word' id='word_1_84' title='bbox 188 1463 277 1544; x_wconf 91' lang='lat' dir='ltr'>lupae</span> <span class='ocrx_word' id='word_1_85' title='bbox 292 1462 372 1524; x_wconf 80' lang='lat' dir='ltr'>fulvo</span> <span class='ocrx_word' id='word_1_86' title='bbox 386 1461 510 1522; x_wconf 90' lang='lat' dir='ltr'>nutricis</span> <span class='ocrx_word' id='word_1_87' title='bbox 525 1461 656 1543; x_wconf 89' lang='lat' dir='ltr'>tegmine</span> <span class='ocrx_word' id='word_1_88' title='bbox 671 1462 768 1523; x_wconf 90' lang='lat' dir='ltr'>laetus</span> 
     </span>
     <span class='ocr_line' id='line_1_15' title="bbox 97 1545 869 1629; baseline 0.001 -21"><span class='ocrx_word' id='word_1_89' title='bbox 97 1547 242 1609; x_wconf 89' lang='lat' dir='ltr'>Romulus</span> <span class='ocrx_word' id='word_1_90' title='bbox 258 1547 386 1629; x_wconf 84' lang='lat' dir='ltr'>excipiet</span> <span class='ocrx_word' id='word_1_91' title='bbox 401 1551 533 1628; x_wconf 86' lang='lat' dir='ltr'>gentem,</span> <span class='ocrx_word' id='word_1_92' title='bbox 549 1552 581 1608; x_wconf 91' lang='lat' dir='ltr'>et</span> <span class='ocrx_word' id='word_1_93' title='bbox 594 1545 745 1608; x_wconf 84' lang='lat' dir='ltr'>Mavortia</span> <span class='ocrx_word' id='word_1_94' title='bbox 759 1545 869 1610; x_wconf 91' lang='lat' dir='ltr'>condet</span> 
     </span>
     <span class='ocr_line' id='line_1_16' title="bbox 98 1630 813 1714; baseline 0.001 -22"><span class='ocrx_word' id='word_1_95' title='bbox 98 1631 229 1710; x_wconf 88' lang='lat' dir='ltr'>Moenia,</span> <span class='ocrx_word' id='word_1_96' title='bbox 245 1632 453 1714; x_wconf 88' lang='lat' dir='ltr'>Romanosque</span> <span class='ocrx_word' id='word_1_97' title='bbox 468 1651 522 1693; x_wconf 89' lang='lat' dir='ltr'>suo</span> <span class='ocrx_word' id='word_1_98' title='bbox 536 1630 575 1693; x_wconf 90' lang='lat' dir='ltr'>de</span> <span class='ocrx_word' id='word_1_99' title='bbox 589 1631 706 1693; x_wconf 91' lang='lat' dir='ltr'>nomine</span> <span class='ocrx_word' id='word_1_100' title='bbox 722 1631 813 1693; x_wconf 86' lang='lat' dir='ltr'>dicet.</span> 
     </span>
     <span class='ocr_line' id='line_1_17' title="bbox 98 1717 897 1800; baseline 0 -22"><span class='ocrx_word' id='word_1_101' title='bbox 98 1717 156 1778; x_wconf 89' lang='lat' dir='ltr'>His</span> <span class='ocrx_word' id='word_1_102' title='bbox 172 1738 228 1798; x_wconf 89' lang='lat' dir='ltr'>ogo</span> <span class='ocrx_word' id='word_1_103' title='bbox 242 1737 298 1778; x_wconf 89' lang='lat' dir='ltr'>nec</span> <span class='ocrx_word' id='word_1_104' title='bbox 312 1724 408 1779; x_wconf 90' lang='lat' dir='ltr'>metas</span> <span class='ocrx_word' id='word_1_105' title='bbox 423 1737 523 1778; x_wconf 91' lang='lat' dir='ltr'>rerum</span> <span class='ocrx_word' id='word_1_106' title='bbox 537 1736 593 1778; x_wconf 90' lang='lat' dir='ltr'>nec</span> <span class='ocrx_word' id='word_1_107' title='bbox 609 1722 743 1800; x_wconf 90' lang='lat' dir='ltr'>tempora</span> <span class='ocrx_word' id='word_1_108' title='bbox 757 1735 852 1798; x_wconf 92' lang='lat' dir='ltr'>pono;</span> <span class='ocrx_word' id='word_1_109' title='bbox 891 1752 897 1758; x_wconf 91' lang='lat'>·</span> 
     </span>
     <span class='ocr_line' id='line_1_18' title="bbox 98 1800 863 1884; baseline 0.003 -22"><span class='ocrx_word' id='word_1_110' title='bbox 98 1801 262 1884; x_wconf 89' lang='lat' dir='ltr'>Imperium</span> <span class='ocrx_word' id='word_1_111' title='bbox 277 1802 339 1864; x_wconf 86' lang='lat' dir='ltr'>sine</span> <span class='ocrx_word' id='word_1_112' title='bbox 354 1802 414 1863; x_wconf 89' lang='lat' dir='ltr'>fine</span> <span class='ocrx_word' id='word_1_113' title='bbox 429 1801 508 1863; x_wconf 89' lang='lat' dir='ltr'>dedi.</span> <span class='ocrx_word' id='word_1_114' title='bbox 555 1800 634 1874; x_wconf 84' lang='lat' dir='ltr'>Quin</span> <span class='ocrx_word' id='word_1_115' title='bbox 649 1822 756 1884; x_wconf 87' lang='lat' dir='ltr'>aspera</span> <span class='ocrx_word' id='word_1_116' title='bbox 769 1801 792 1863; x_wconf 90' lang='lat' dir='ltr'><strong>J</strong></span> <span class='ocrx_word' id='word_1_117' title='bbox 792 1823 863 1880; x_wconf 87' lang='lat' dir='ltr'>uuo,</span> 
     </span>
     <span class='ocr_line' id='line_1_19' title="bbox 99 1885 965 1970; baseline 0.001 -22"><span class='ocrx_word' id='word_1_118' title='bbox 99 1885 183 1959; x_wconf 84' lang='lat' dir='ltr'>Quae</span> <span class='ocrx_word' id='word_1_119' title='bbox 198 1907 280 1948; x_wconf 88' lang='lat' dir='ltr'>mare</span> <span class='ocrx_word' id='word_1_120' title='bbox 295 1907 374 1948; x_wconf 88' lang='lat' dir='ltr'>nunc</span> <span class='ocrx_word' id='word_1_121' title='bbox 390 1893 545 1968; x_wconf 88' lang='lat' dir='ltr'>terrasque</span> <span class='ocrx_word' id='word_1_122' title='bbox 560 1893 643 1948; x_wconf 91' lang='lat' dir='ltr'>metu</span> <span class='ocrx_word' id='word_1_123' title='bbox 658 1887 832 1969; x_wconf 90' lang='lat' dir='ltr'>coelumque</span> <span class='ocrx_word' id='word_1_124' title='bbox 847 1887 965 1970; x_wconf 86' lang='lat' dir='ltr'>fatigat,</span> 
     </span>
     <span class='ocr_line' id='line_1_20' title="bbox 100 1971 850 2054; baseline 0.001 -21"><span class='ocrx_word' id='word_1_125' title='bbox 100 1971 229 2033; x_wconf 81' lang='lat' dir='ltr'>Consilia</span> <span class='ocrx_word' id='word_1_126' title='bbox 243 1972 275 2032; x_wconf 89' lang='lat' dir='ltr'>in</span> <span class='ocrx_word' id='word_1_127' title='bbox 288 1973 393 2033; x_wconf 88' lang='lat' dir='ltr'>melius</span> <span class='ocrx_word' id='word_1_128' title='bbox 408 1972 531 2049; x_wconf 86' lang='lat' dir='ltr'>referet,</span> <span class='ocrx_word' id='word_1_129' title='bbox 546 1992 722 2054; x_wconf 89' lang='lat' dir='ltr'>mecumque</span> <span class='ocrx_word' id='word_1_130' title='bbox 737 1972 850 2034; x_wconf 87' lang='lat' dir='ltr'>fovebit</span> 
     </span>
     <span class='ocr_line' id='line_1_21' title="bbox 98 2056 887 2138; baseline 0.004 -21"><span class='ocrx_word' id='word_1_131' title='bbox 98 2056 258 2135; x_wconf 80' lang='lat' dir='ltr'>Romanoa,</span> <span class='ocrx_word' id='word_1_132' title='bbox 274 2078 374 2119; x_wconf 86' lang='lat' dir='ltr'>rerum</span> <span class='ocrx_word' id='word_1_133' title='bbox 390 2057 533 2136; x_wconf 89' lang='lat' dir='ltr'>dominos,</span> <span class='ocrx_word' id='word_1_134' title='bbox 549 2063 729 2138; x_wconf 89' lang='lat' dir='ltr'>gentemque</span> <span class='ocrx_word' id='word_1_135' title='bbox 744 2063 887 2138; x_wconf 88' lang='lat' dir='ltr'>togatam.</span> 
     </span>
     <span class='ocr_line' id='line_1_22' title="bbox 101 2138 885 2224; baseline 0.003 -21"><span class='ocrx_word' id='word_1_136' title='bbox 101 2138 150 2203; x_wconf 84' lang='lat' dir='ltr'>Sic</span> <span class='ocrx_word' id='word_1_137' title='bbox 166 2142 319 2224; x_wconf 89' lang='lat' dir='ltr'>placitum.</span> <span class='ocrx_word' id='word_1_138' title='bbox 365 2141 478 2203; x_wconf 87' lang='lat' dir='ltr'>Veniet</span> <span class='ocrx_word' id='word_1_139' title='bbox 492 2142 593 2204; x_wconf 89' lang='lat' dir='ltr'>lustris</span> <span class='ocrx_word' id='word_1_140' title='bbox 608 2142 776 2204; x_wconf 85' lang='lat' dir='ltr'>labentibus</span> <span class='ocrx_word' id='word_1_141' title='bbox 791 2149 885 2222; x_wconf 83' lang='lat' dir='ltr'>aetas,</span> 
     </span>
     <span class='ocr_line' id='line_1_23' title="bbox 100 2224 974 2311; baseline 0.003 -24"><span class='ocrx_word' id='word_1_142' title='bbox 100 2224 199 2298; x_wconf 84' lang='lat' dir='ltr'>Quum</span> <span class='ocrx_word' id='word_1_143' title='bbox 214 2226 317 2292; x_wconf 89' lang='lat' dir='ltr'>domus</span> <span class='ocrx_word' id='word_1_144' title='bbox 331 2226 475 2288; x_wconf 85' lang='lat' dir='ltr'>Assaraci</span> <span class='ocrx_word' id='word_1_145' title='bbox 490 2225 631 2288; x_wconf 85' lang='lat' dir='ltr'>Phthiam</span> <span class='ocrx_word' id='word_1_146' title='bbox 646 2228 801 2309; x_wconf 87' lang='lat' dir='ltr'>clarasque</span> <span class='ocrx_word' id='word_1_147' title='bbox 816 2226 974 2311; x_wconf 60' lang='lat' dir='ltr'>Mycenas«</span> 
     </span>
     <span class='ocr_line' id='line_1_24' title="bbox 101 2309 856 2394; baseline 0.003 -22"><span class='ocrx_word' id='word_1_148' title='bbox 101 2309 230 2372; x_wconf 84' lang='lat' dir='ltr'>Servitio</span> <span class='ocrx_word' id='word_1_149' title='bbox 245 2317 372 2393; x_wconf 90' lang='lat' dir='ltr'>premet,</span> <span class='ocrx_word' id='word_1_150' title='bbox 387 2332 422 2373; x_wconf 88' lang='lat' dir='ltr'>ao</span> <span class='ocrx_word' id='word_1_151' title='bbox 439 2311 525 2373; x_wconf 88' lang='lat' dir='ltr'>victis</span> <span class='ocrx_word' id='word_1_152' title='bbox 541 2311 739 2374; x_wconf 86' lang='lat' dir='ltr'>dominabitur</span> <span class='ocrx_word' id='word_1_153' title='bbox 752 2312 856 2394; x_wconf 89' lang='lat' dir='ltr'>Argis.</span> 
     </span>
     <span class='ocr_line' id='line_1_25' title="bbox 99 2395 820 2480; baseline 0.001 -23"><span class='ocrx_word' id='word_1_154' title='bbox 99 2395 252 2458; x_wconf 89' lang='lat' dir='ltr'>Nascetur</span> <span class='ocrx_word' id='word_1_155' title='bbox 267 2397 392 2478; x_wconf 90' lang='lat' dir='ltr'>pulchra</span> <span class='ocrx_word' id='word_1_156' title='bbox 407 2396 553 2480; x_wconf 80' lang='lat' dir='ltr'>Trojanus</span> <span class='ocrx_word' id='word_1_157' title='bbox 568 2397 681 2478; x_wconf 87' lang='lat' dir='ltr'>origine</span> <span class='ocrx_word' id='word_1_158' title='bbox 698 2396 820 2476; x_wconf 80' lang='lat' dir='ltr'>Caesar,</span> 
     </span>
     <span class='ocr_line' id='line_1_26' title="bbox 99 2481 868 2563; baseline 0.004 -21"><span class='ocrx_word' id='word_1_159' title='bbox 99 2481 262 2563; x_wconf 88' lang='lat' dir='ltr'>Imperium</span> <span class='ocrx_word' id='word_1_160' title='bbox 278 2481 410 2560; x_wconf 88' lang='lat' dir='ltr'>Oceano,</span> <span class='ocrx_word' id='word_1_161' title='bbox 424 2482 535 2543; x_wconf 89' lang='lat' dir='ltr'>famam</span> <span class='ocrx_word' id='word_1_162' title='bbox 550 2482 601 2563; x_wconf 94' lang='lat' dir='ltr'>qui</span> <span class='ocrx_word' id='word_1_163' title='bbox 615 2482 755 2544; x_wconf 87' lang='lat' dir='ltr'>terminet</span> <span class='ocrx_word' id='word_1_164' title='bbox 770 2483 868 2561; x_wconf 88' lang='lat' dir='ltr'>astris,</span> 
     </span>
     <span class='ocr_line' id='line_1_27' title="bbox 98 2566 753 2649; baseline 0.003 -22"><span class='ocrx_word' id='word_1_165' title='bbox 98 2566 209 2646; x_wconf 89' lang='lat' dir='ltr'>Julius,</span> <span class='ocrx_word' id='word_1_166' title='bbox 225 2588 244 2629; x_wconf 88' lang='lat' dir='ltr'>a</span> <span class='ocrx_word' id='word_1_167' title='bbox 257 2588 365 2649; x_wconf 86' lang='lat' dir='ltr'>magno</span> <span class='ocrx_word' id='word_1_168' title='bbox 381 2567 540 2629; x_wconf 89' lang='lat' dir='ltr'>demissum</span> <span class='ocrx_word' id='word_1_169' title='bbox 554 2588 661 2629; x_wconf 89' lang='lat' dir='ltr'>nomen</span> <span class='ocrx_word' id='word_1_170' title='bbox 676 2566 753 2629; x_wconf 85' lang='lat' dir='ltr'>Iulo.</span> 
     </span>
     <span class='ocr_line' id='line_1_28' title="bbox 98 2649 860 2734; baseline 0.001 -22"><span class='ocrx_word' id='word_1_171' title='bbox 98 2651 190 2713; x_wconf 89' lang='lat' dir='ltr'>Hunc</span> <span class='ocrx_word' id='word_1_172' title='bbox 206 2659 240 2713; x_wconf 93' lang='lat' dir='ltr'>tu</span> <span class='ocrx_word' id='word_1_173' title='bbox 255 2652 324 2714; x_wconf 89' lang='lat' dir='ltr'>olim</span> <span class='ocrx_word' id='word_1_174' title='bbox 339 2653 432 2730; x_wconf 81' lang='lat' dir='ltr'>coelo,</span> <span class='ocrx_word' id='word_1_175' title='bbox 449 2652 547 2734; x_wconf 89' lang='lat' dir='ltr'>spoliis</span> <span class='ocrx_word' id='word_1_176' title='bbox 565 2649 696 2714; x_wconf 86' lang='lat' dir='ltr'>Orientis</span> <span class='ocrx_word' id='word_1_177' title='bbox 711 2659 860 2731; x_wconf 90' lang='lat' dir='ltr'>onustum,</span> 
     </span>
     <span class='ocr_line' id='line_1_29' title="bbox 98 2736 853 2819; baseline 0.001 -22"><span class='ocrx_word' id='word_1_178' title='bbox 98 2736 240 2818; x_wconf 88' lang='lat' dir='ltr'>Accipies</span> <span class='ocrx_word' id='word_1_179' title='bbox 256 2757 381 2812; x_wconf 81' lang='lat' dir='ltr'>secura3</span> <span class='ocrx_word' id='word_1_180' title='bbox 403 2737 557 2799; x_wconf 86' lang='lat' dir='ltr'>vocabitur</span> <span class='ocrx_word' id='word_1_181' title='bbox 570 2737 619 2798; x_wconf 92' lang='lat' dir='ltr'>hic</span> <span class='ocrx_word' id='word_1_182' title='bbox 635 2758 753 2819; x_wconf 89' lang='lat' dir='ltr'>quoque</span> <span class='ocrx_word' id='word_1_183' title='bbox 768 2737 853 2800; x_wconf 90' lang='lat' dir='ltr'>votis.</span> 
     </span>
     <span class='ocr_line' id='line_1_30' title="bbox 98 2820 838 2904; baseline 0.003 -22"><span class='ocrx_word' id='word_1_184' title='bbox 98 2820 219 2903; x_wconf 90' lang='lat' dir='ltr'>Aspera</span> <span class='ocrx_word' id='word_1_185' title='bbox 234 2829 298 2883; x_wconf 94' lang='lat' dir='ltr'>tum</span> <span class='ocrx_word' id='word_1_186' title='bbox 312 2822 414 2904; x_wconf 91' lang='lat' dir='ltr'>positis</span> <span class='ocrx_word' id='word_1_187' title='bbox 429 2822 586 2883; x_wconf 88' lang='lat' dir='ltr'>mitescent</span> <span class='ocrx_word' id='word_1_188' title='bbox 600 2823 720 2884; x_wconf 91' lang='lat' dir='ltr'>saecula</span> <span class='ocrx_word' id='word_1_189' title='bbox 733 2822 838 2899; x_wconf 82' lang='lat' dir='ltr'>bellis3</span> 
     </span>
     <span class='ocr_line' id='line_1_31' title="bbox 100 2904 940 2987; baseline 0.004 -20"><span class='ocrx_word' id='word_1_190' title='bbox 100 2904 183 2967; x_wconf 81' lang='lat' dir='ltr'>Caua</span> <span class='ocrx_word' id='word_1_191' title='bbox 198 2906 299 2985; x_wconf 90' lang='lat' dir='ltr'>Fides,</span> <span class='ocrx_word' id='word_1_192' title='bbox 315 2912 346 2968; x_wconf 88' lang='lat' dir='ltr'>et</span> <span class='ocrx_word' id='word_1_193' title='bbox 361 2906 468 2984; x_wconf 82' lang='lat' dir='ltr'>Vesta,</span> <span class='ocrx_word' id='word_1_194' title='bbox 485 2907 579 2969; x_wconf 91' lang='lat' dir='ltr'>Remo</span> <span class='ocrx_word' id='word_1_195' title='bbox 595 2907 771 2969; x_wconf 85' lang='lat' dir='ltr'>cumfratre</span> <span class='ocrx_word' id='word_1_196' title='bbox 787 2905 940 2987; x_wconf 84' lang='lat' dir='ltr'>Quirinus,</span> 
     </span>
     <span class='ocr_line' id='line_1_32' title="bbox 97 2990 885 3074; baseline 0.004 -22"><span class='ocrx_word' id='word_1_197' title='bbox 97 2990 120 3052; x_wconf 83' lang='lat' dir='ltr'>J</span> <span class='ocrx_word' id='word_1_198' title='bbox 121 3012 177 3052; x_wconf 90' lang='lat' dir='ltr'>ura</span> <span class='ocrx_word' id='word_1_199' title='bbox 191 2991 324 3066; x_wconf 83' lang='lat' dir='ltr'>dabunt3</span> <span class='ocrx_word' id='word_1_200' title='bbox 348 2991 431 3053; x_wconf 90' lang='lat' dir='ltr'>dirae</span> <span class='ocrx_word' id='word_1_201' title='bbox 446 2991 527 3054; x_wconf 89' lang='lat' dir='ltr'>ferro</span> <span class='ocrx_word' id='word_1_202' title='bbox 543 2998 573 3053; x_wconf 89' lang='lat' dir='ltr'>et</span> <span class='ocrx_word' id='word_1_203' title='bbox 588 2993 780 3074; x_wconf 85' lang='lat' dir='ltr'>compagibus</span> <span class='ocrx_word' id='word_1_204' title='bbox 795 2993 885 3055; x_wconf 85' lang='lat' dir='ltr'>arctis</span> 
     </span>
     <span class='ocr_line' id='line_1_33' title="bbox 100 3075 864 3159; baseline 0.004 -23"><span class='ocrx_word' id='word_1_205' title='bbox 100 3075 286 3138; x_wconf 87' lang='lat' dir='ltr'>Claudentur</span> <span class='ocrx_word' id='word_1_206' title='bbox 301 3076 380 3139; x_wconf 92' lang='lat' dir='ltr'>Belli</span> <span class='ocrx_word' id='word_1_207' title='bbox 394 3083 497 3159; x_wconf 90' lang='lat' dir='ltr'>portae</span> <span class='ocrx_word' id='word_1_208' title='bbox 509 3097 517 3152; x_wconf 92' lang='lat'>;</span> <span class='ocrx_word' id='word_1_209' title='bbox 540 3077 638 3139; x_wconf 83' lang='lat' dir='ltr'>Furor</span> <span class='ocrx_word' id='word_1_210' title='bbox 651 3077 758 3159; x_wconf 88' lang='lat' dir='ltr'>impius</span> <span class='ocrx_word' id='word_1_211' title='bbox 772 3079 864 3156; x_wconf 90' lang='lat' dir='ltr'>intus,</span> 
     </span>
     <span class='ocr_line' id='line_1_34' title="bbox 101 3158 964 3243; baseline 0.002 -22"><span class='ocrx_word' id='word_1_212' title='bbox 101 3158 198 3222; x_wconf 80' lang='lat' dir='ltr'>Saeva</span> <span class='ocrx_word' id='word_1_213' title='bbox 213 3161 320 3223; x_wconf 87' lang='lat' dir='ltr'>sedens</span> <span class='ocrx_word' id='word_1_214' title='bbox 335 3183 425 3243; x_wconf 88' lang='lat' dir='ltr'>super</span> <span class='ocrx_word' id='word_1_215' title='bbox 440 3182 532 3239; x_wconf 90' lang='lat' dir='ltr'>arma,</span> <span class='ocrx_word' id='word_1_216' title='bbox 548 3168 580 3223; x_wconf 90' lang='lat' dir='ltr'>et</span> <span class='ocrx_word' id='word_1_217' title='bbox 595 3168 715 3224; x_wconf 89' lang='lat' dir='ltr'>centum</span> <span class='ocrx_word' id='word_1_218' title='bbox 730 3163 847 3225; x_wconf 86' lang='lat' dir='ltr'>vinctus</span> <span class='ocrx_word' id='word_1_219' title='bbox 861 3161 964 3224; x_wconf 84' lang='lat' dir='ltr'>ahenis</span> 
     </span>
     <span class='ocr_line' id='line_1_35' title="bbox 98 3244 905 3327; baseline 0.005 -22"><span class='ocrx_word' id='word_1_220' title='bbox 98 3244 172 3307; x_wconf 89' lang='lat' dir='ltr'>Post</span> <span class='ocrx_word' id='word_1_221' title='bbox 187 3253 305 3327; x_wconf 86' lang='lat' dir='ltr'>tergum</span> <span class='ocrx_word' id='word_1_222' title='bbox 319 3247 415 3323; x_wconf 89' lang='lat' dir='ltr'>nodis,</span> <span class='ocrx_word' id='word_1_223' title='bbox 430 3246 539 3308; x_wconf 86' lang='lat' dir='ltr'>fremet</span> <span class='ocrx_word' id='word_1_224' title='bbox 552 3247 689 3309; x_wconf 87' lang='lat' dir='ltr'>horridus</span> <span class='ocrx_word' id='word_1_225' title='bbox 705 3269 755 3309; x_wconf 90' lang='lat' dir='ltr'>ore</span> <span class='ocrx_word' id='word_1_226' title='bbox 771 3254 905 3309; x_wconf 89' lang='lat' dir='ltr'>cruento.</span> 
     </span>
     <span class='ocr_line' id='line_1_36' title="bbox 142 3330 891 3413; baseline 0.005 -23"><span class='ocrx_word' id='word_1_227' title='bbox 142 3330 229 3392; x_wconf 88' lang='lat' dir='ltr'>Haeo</span> <span class='ocrx_word' id='word_1_228' title='bbox 246 3331 305 3392; x_wconf 87' lang='lat' dir='ltr'>ait:</span> <span class='ocrx_word' id='word_1_229' title='bbox 330 3337 362 3392; x_wconf 90' lang='lat' dir='ltr'>et</span> <span class='ocrx_word' id='word_1_230' title='bbox 376 3330 459 3393; x_wconf 88' lang='lat' dir='ltr'>Maia</span> <span class='ocrx_word' id='word_1_231' title='bbox 474 3333 609 3413; x_wconf 87' lang='lat' dir='ltr'>genitum</span> <span class='ocrx_word' id='word_1_232' title='bbox 624 3331 752 3394; x_wconf 88' lang='lat' dir='ltr'>demittit</span> <span class='ocrx_word' id='word_1_233' title='bbox 768 3333 805 3395; x_wconf 93' lang='lat' dir='ltr'>ab</span> <span class='ocrx_word' id='word_1_234' title='bbox 820 3334 891 3407; x_wconf 85' lang='lat' dir='ltr'>alto,</span> 
     </span>
     <span class='ocr_line' id='line_1_37' title="bbox 98 3413 934 3500; baseline 0.004 -25"><span class='ocrx_word' id='word_1_235' title='bbox 98 3413 144 3476; x_wconf 89' lang='lat' dir='ltr'>Ut</span> <span class='ocrx_word' id='word_1_236' title='bbox 158 3422 269 3492; x_wconf 89' lang='lat' dir='ltr'>terrac,</span> <span class='ocrx_word' id='word_1_237' title='bbox 285 3422 378 3497; x_wconf 87' lang='lat' dir='ltr'>utque</span> <span class='ocrx_word' id='word_1_238' title='bbox 393 3436 488 3478; x_wconf 84' lang='lat' dir='ltr'>novae</span> <span class='ocrx_word' id='word_1_239' title='bbox 503 3423 628 3498; x_wconf 89' lang='lat' dir='ltr'>pateant</span> <span class='ocrx_word' id='word_1_240' title='bbox 644 3415 833 3500; x_wconf 81' lang='lat' dir='ltr'>Carthaginis</span> <span class='ocrx_word' id='word_1_241' title='bbox 849 3437 934 3480; x_wconf 87' lang='lat' dir='ltr'>arces</span> 
     </span>
     <span class='ocr_line' id='line_1_38' title="bbox 98 3500 835 3581; baseline 0.004 -21"><span class='ocrx_word' id='word_1_242' title='bbox 98 3500 236 3581; x_wconf 83' lang='lat' dir='ltr'>Hospitio</span> <span class='ocrx_word' id='word_1_243' title='bbox 251 3500 393 3563; x_wconf 80' lang='lat' dir='ltr'>Teucris:</span> <span class='ocrx_word' id='word_1_244' title='bbox 417 3523 455 3563; x_wconf 92' lang='lat' dir='ltr'>ne</span> <span class='ocrx_word' id='word_1_245' title='bbox 471 3501 525 3564; x_wconf 89' lang='lat' dir='ltr'>fati</span> <span class='ocrx_word' id='word_1_246' title='bbox 538 3502 640 3564; x_wconf 87' lang='lat' dir='ltr'>nescia</span> <span class='ocrx_word' id='word_1_247' title='bbox 655 3502 734 3564; x_wconf 92' lang='lat' dir='ltr'>Dido</span> <span class='ocrx_word' id='word_1_248' title='bbox 832 3555 835 3563; x_wconf 91' lang='lat'><em>.</em></span> 
     </span>
     <span class='ocr_line' id='line_1_39' title="bbox 98 3585 878 3668; baseline 0.005 -23"><span class='ocrx_word' id='word_1_249' title='bbox 98 3585 221 3647; x_wconf 85' lang='lat' dir='ltr'>Finibus</span> <span class='ocrx_word' id='word_1_250' title='bbox 237 3592 364 3648; x_wconf 90' lang='lat' dir='ltr'>arceret.</span> <span class='ocrx_word' id='word_1_251' title='bbox 410 3587 503 3650; x_wconf 90' lang='lat' dir='ltr'>Volat</span> <span class='ocrx_word' id='word_1_252' title='bbox 517 3587 566 3648; x_wconf 94' lang='lat' dir='ltr'>ille</span> <span class='ocrx_word' id='word_1_253' title='bbox 581 3609 636 3668; x_wconf 89' lang='lat' dir='ltr'>per</span> <span class='ocrx_word' id='word_1_254' title='bbox 651 3589 723 3649; x_wconf 81' lang='lat' dir='ltr'>ae&#39;ra</span> <span class='ocrx_word' id='word_1_255' title='bbox 735 3608 878 3668; x_wconf 89' lang='lat' dir='ltr'>magnum</span> 
     </span>
     <span class='ocr_line' id='line_1_40' title="bbox 98 3669 863 3755; baseline 0.007 -26"><span class='ocrx_word' id='word_1_256' title='bbox 98 3669 236 3750; x_wconf 87' lang='lat' dir='ltr'>Remigio</span> <span class='ocrx_word' id='word_1_257' title='bbox 252 3671 377 3748; x_wconf 88' lang='lat' dir='ltr'>alarum,</span> <span class='ocrx_word' id='word_1_258' title='bbox 393 3693 428 3733; x_wconf 89' lang='lat' dir='ltr'>ac</span> <span class='ocrx_word' id='word_1_259' title='bbox 444 3671 558 3755; x_wconf 86' lang='lat' dir='ltr'>Libyae</span> <span class='ocrx_word' id='word_1_260' title='bbox 574 3672 650 3733; x_wconf 92' lang='lat' dir='ltr'>citus</span> <span class='ocrx_word' id='word_1_261' title='bbox 665 3671 780 3734; x_wconf 87' lang='lat' dir='ltr'>adstitit</span> <span class='ocrx_word' id='word_1_262' title='bbox 794 3673 863 3734; x_wconf 89' lang='lat' dir='ltr'>oris.</span> 
     </span>
     <span class='ocr_line' id='line_1_41' title="bbox 98 3752 847 3840; baseline 0.005 -25"><span class='ocrx_word' id='word_1_263' title='bbox 98 3752 141 3815; x_wconf 84' lang='lat' dir='ltr'>Et</span> <span class='ocrx_word' id='word_1_264' title='bbox 150 3754 215 3838; x_wconf 88' lang='lat' dir='ltr'>jam</span> <span class='ocrx_word' id='word_1_265' title='bbox 224 3756 310 3839; x_wconf 89' lang='lat' dir='ltr'>jussa</span> <span class='ocrx_word' id='word_1_266' title='bbox 323 3757 415 3833; x_wconf 84' lang='lat' dir='ltr'>facit3</span> <span class='ocrx_word' id='word_1_267' title='bbox 439 3762 611 3840; x_wconf 87' lang='lat' dir='ltr'>ponuntque</span> <span class='ocrx_word' id='word_1_268' title='bbox 626 3757 738 3820; x_wconf 89' lang='lat' dir='ltr'>ferocia</span> <span class='ocrx_word' id='word_1_269' title='bbox 751 3757 847 3820; x_wconf 89' lang='lat' dir='ltr'>Poeni</span> 
     </span>
    </p>
   </div>
   <div class='ocr_carea' id='block_1_3' title="bbox 0 0 1252 4334">
    <p class='ocr_par' dir='ltr' id='par_1_3' title="bbox 0 0 1252 4334">
     <span class='ocr_line' id='line_1_42' title="bbox 0 0 1252 4334; baseline 0 0"><span class='ocrx_word' id='word_1_270' title='bbox 0 0 1252 4334; x_wconf 95' lang='lat' dir='ltr'> </span> 
     </span>
    </p>
   </div>
  </div>
 </body>
</html>
