2496 4334
472 269 633 316 anuumos
655 271 720 316 um.
746 271 793 317 va
1081 255 1143 320 197

102 420 236 505 Corpora
251 422 408 502 debentur,
424 423 549 486 Lethaei
564 424 603 486 ad
617 424 743 487 fluminis
759 424 870 488 undam

103 505 233 571 Securos
247 509 351 571 latices
367 516 398 570 et
411 510 502 591 longa
516 510 623 571 oblivia
637 517 751 591 potant.
1097 527 1143 577 715

101 591 170 655 Has
185 593 323 675 equidem
338 615 501 656 memorare
517 595 571 656 tibi
586 601 676 677 atque
693 595 851 657 ostendere
868 615 979 674 coram,

101 677 124 739 J
126 678 289 760 ampridem
303 679 380 740 hanc
396 681 508 761 prolem
524 680 610 762 cupio
627 700 801 742 enumerare
817 702 960 759 meorum,

103 760 169 834 Quo
182 764 276 845 magis
291 763 381 826 Itaha
394 786 511 827 mecum
525 767 638 826 laetere
654 772 784 846 reperta.

103 844 130 908 Ο
146 860 243 929 pater,
259 870 334 910 anne
351 850 465 930 aliquas
480 850 519 912 ad
535 852 650 912 coelum
664 851 732 911 hinc
748 850 792 911 ire
808 849 973 930 putandum
989 855 1035 912 est

103 930 251 994 Sublimes
267 934 390 1012 animas,
406 936 572 1016 iterumque
588 934 627 995 ad
642 935 729 996 tarda
744 935 855 995 reverti
1095 957 1141 1004 700
1232 986 1235 991 -

104 1014 262 1098 Corpora?
308 1017 391 1090 Quae
406 1020 480 1081 lucis
495 1020 608 1081 miseris
625 1027 685 1081 tam
701 1019 766 1080 dira
783 1016 917 1100 cupido?

102 1100 209 1163 Dicam
225 1102 374 1185 equidem,
389 1125 445 1166 nec
461 1112 491 1166 te
507 1125 694 1186 suspensum,
709 1111 791 1180 nate,
807 1104 914 1164 tenebo
928 1123 936 1178 ;

104 1184 236 1268 Suscipit
249 1188 410 1266 Anchiseo,
425 1196 515 1272 utque
531 1189 634 1252 ordine
649 1189 766 1270 singula
781 1188 894 1270 pandit.

145 1272 296 1354 Principio
311 1275 426 1335 coelum
441 1293 475 1336 ac
492 1280 597 1353 terras,
614 1294 791 1355 camposque
810 1274 968 1355 liquentes,

102 1355 327 1439 Lucentemque
343 1359 462 1439 globum
477 1359 593 1436 Lunae,
609 1359 786 1442 Titaniaque
802 1366 895 1438 astra,
1094 1377 1141 1424 725

104 1439 233 1522 Spiritus
247 1442 328 1504 intus
343 1443 406 1520 alit,
422 1450 573 1524 totamque
589 1444 687 1505 infusa
701 1465 755 1525 per
770 1451 853 1506 artus

102 1524 191 1588 Mens
207 1526 302 1607 agitat
317 1528 434 1605 molem,
450 1540 481 1589 et
495 1549 603 1609 magno
619 1550 651 1590 se
667 1549 790 1610 corpore
808 1529 925 1590 miscet.

103 1609 178 1672 Inde
193 1611 345 1672 hominum
359 1613 566 1695 pecudumque
582 1634 688 1694 genus,
704 1614 843 1694 vitaeque
859 1614 1021 1691 volantum,

103 1693 144 1756 111
159 1716 236 1777 quae
252 1717 416 1759 marmoreo
431 1699 491 1759 fert
504 1705 636 1760 monstra
651 1699 705 1760 sub
722 1719 850 1780 aequore
866 1705 983 1780 pontus.

102 1779 215 1861 Igneus
230 1786 277 1842 est
291 1782 355 1843 ollis
370 1783 454 1863 vigor
469 1789 500 1844 et
515 1784 650 1844 coelestis
666 1784 748 1864 origo
1092 1803 1140 1851 700

104 1862 283 1945 Seminibus,
298 1874 442 1948 quantum
458 1889 518 1929 non
533 1868 620 1929 noxia
635 1889 759 1950 corpora
773 1867 905 1945 tardant,

102 1950 286 2032 Terrenique
302 1952 445 2014 hebetant
460 1959 542 2015 artus
557 1953 790 2034 moribundaque
805 1954 948 2014 membra.

102 2034 183 2097 Hinc
198 2042 337 2098 metuunt
351 2038 545 2119 cupiuntque,
560 2037 662 2100 dolent
676 2038 880 2119 gaudentque,
895 2058 993 2120 neque
1009 2057 1098 2099 auras

102 2118 273 2202 Dispiciunt
287 2123 405 2185 clausae
420 2123 551 2184 tenebris
567 2130 598 2184 et
607 2143 728 2185 carcere
745 2143 845 2185 caeco.

102 2203 183 2277 Quin
197 2212 229 2267 et
243 2227 380 2289 supremo
395 2229 487 2289 quum
501 2208 611 2269 lumine
627 2209 689 2269 vita
704 2208 833 2288 reliquit,
1092 2227 1139 2279 735

101 2289 173 2352 Non
188 2296 288 2353 tamen
303 2313 388 2354 omne
403 2294 512 2354 malum
526 2293 652 2369 miseris,
667 2314 723 2355 nec
739 2293 873 2355 funditus
889 2313 990 2355 omnes

103 2375 271 2457 Corporeae
287 2377 436 2439 excedunt
450 2384 569 2459 pestes3
592 2379 770 2460 penitusque
786 2399 907 2440 necesse
924 2385 970 2440 est

101 2459 201 2522 Multa
215 2461 267 2522 diu
282 2468 422 2524 concreta
435 2462 529 2524 modis
544 2464 707 2524 inolescere
722 2463 814 2524 miris.

101 2546 184 2627 Ergo
200 2553 378 2608 exercentur
392 2548 504 2628 poenis,
520 2555 714 2629 veterumque
730 2549 874 2609 malorum

103 2629 259 2713 Supplicia
274 2632 457 2712 expendunt.
502 2632 590 2694 Aliae
605 2634 778 2714 panduntur
792 2633 895 2695 inanes
1093 2653 1140 2701 740

102 2714 271 2797 Suspensas
287 2717 326 2777 ad
341 2723 466 2791 ventos;
490 2717 553 2778 aliis
569 2719 622 2779 sub
638 2720 758 2800 gurgite
774 2727 857 2780 vasto

100 2800 252 2863 Infectum
268 2801 377 2863 eluitur
392 2802 500 2877 scelus,
515 2809 568 2863 aut
583 2804 717 2864 exuritur
731 2803 804 2884 igni.

101 2884 233 2967 Quisque
249 2906 317 2948 suos
332 2886 462 2967 patimur
476 2885 583 2949 Manes
596 2907 603 2961 ;
627 2888 733 2950 exinde
749 2889 947 2970 peramplum

100 2969 251 3032 Mittimur
265 2970 412 3054 Elysium,
428 2978 459 3032 et
474 2973 560 3051 pauci
574 2973 655 3034 laeta
670 2994 742 3035 arva
756 2981 891 3035 tenemus
903 2993 911 3048 ;

100 3055 204 3117 Donec
220 3057 309 3137 longa
323 3056 398 3134 dies,
414 3057 548 3138 perfeeto
564 3058 703 3140 temporis
719 3059 800 3136 orbe,

100 3140 280 3202 Concretam
296 3142 405 3203 exemit
420 3141 528 3219 labem,
545 3165 711 3225 purumque
727 3143 869 3225 relinquit

98 3225 279 3287 Aetherium
294 3247 423 3302 sensum,
440 3233 530 3309 atque
546 3229 630 3290 aurai
647 3229 912 3310 simphcisignem.

98 3310 166 3372 Has
181 3331 294 3388 omnes,
311 3311 361 3372 ubi
376 3312 455 3373 mille
472 3320 567 3376 rotam
582 3315 701 3375 volvere
716 3335 771 3396 per
786 3335 889 3391 annos,

98 3395 266 3457 Lethaeum
281 3396 320 3457 ad
334 3397 456 3458 fluvium
472 3398 546 3460 deus
561 3406 666 3461 evocat
681 3401 798 3480 agmine
814 3420 933 3480 magno,

99 3479 223 3543 Scilicet
237 3482 423 3543 immemores
439 3504 549 3564 supera
563 3490 597 3544 ut
613 3504 746 3546 convexa
761 3485 903 3562 revisant,
1091 3501 1138 3549 750

98 3566 216 3627 Rursus
232 3572 262 3627 et
276 3567 419 3649 incipiant
433 3568 464 3629 in
480 3589 603 3650 corpora
617 3571 693 3631 velle
709 3568 830 3630 reverti.

97 3649 226 3712 Dixerat
241 3651 401 3728 Anchises,
416 3660 581 3735 natumque
596 3675 715 3735 unaque
737 3652 881 3736 Sibyllam

98 3735 270 3799 Conventus
285 3738 376 3800 trahit
390 3738 422 3798 in
436 3739 549 3801 medios
565 3740 741 3820 turbamque
758 3744 923 3816 sonantem,

399 3821 466 3884 17*
