2496 4334
146 268 217 338 254⁴
487 286 515 332 Ρ.
539 284 681 333 vrncmn
702 284 846 332 nunonis

147 438 244 503 Omne
260 459 354 521 genus
370 437 479 501 Teucri
493 458 528 501 ac
545 437 627 501 duris
642 437 802 501 detrudere
818 437 924 518 contis,

145 524 271 587 Assueti
284 525 373 604 longo
387 545 487 586 muros
502 522 663 586 defendere
678 524 766 586 bello.
837 577 840 582 .

148 609 229 672 Saxa
245 629 362 691 quoque
377 608 486 671 infesto
501 608 659 671 volvebant
675 608 819 691 pondere,
830 607 856 670 si
871 627 931 690 qua

146 692 275 756 Possent
288 699 400 754 tectam
415 693 510 755 aciem
524 713 717 775 perrumpere
730 713 739 769 ;
762 713 854 775 quum
869 699 970 755 tamen
984 713 1086 756 omnes

61 791 64 800 ·
146 777 240 840 Ferre
250 779 339 861 juvat
354 777 457 840 subter
471 778 564 840 densa
578 778 728 840 testudine
744 797 841 840 casus.

146 861 214 924 Nec
225 863 290 945 jam
304 862 470 924 sufficiunt:
494 883 576 941 narn,
591 883 651 945 qua
665 863 770 944 globus
784 861 919 924 imminet
932 860 1049 944 ingens,

146 945 312 1009 Immunem
328 947 437 1009 Teucri
451 948 559 1009 molem
570 948 752 1029 volvuntque
768 953 931 1028 ruuntque,

147 1029 232 1104 Quae
247 1031 354 1094 stravit
369 1031 497 1093 Rutulos
512 1032 584 1110 late,
596 1051 804 1112 armorumque
816 1032 939 1093 resolvit

146 1115 302 1197 Tegmina.
347 1115 415 1178 Nee
431 1122 538 1178 curant
553 1137 643 1178 caeco
658 1115 839 1178 contendere
854 1114 956 1179 Marte

83 1250 91 1259 ,
146 1198 285 1282 Amplius
301 1200 430 1263 audaces
445 1200 561 1282 Rutuli,
576 1200 631 1263 sed
645 1201 757 1283 pellere
771 1200 849 1263 vallo

146 1283 310 1349 Missilibus
326 1291 453 1347 certant.
913 1327 915 1330 ι

147 1368 239 1430 Parte
256 1369 314 1431 alia
327 1369 495 1432 horrendus
509 1369 575 1432 visu
590 1368 751 1451 quassabat
765 1367 927 1430 Etnrscam

147 1452 267 1532 Pinum,
282 1460 314 1516 et
327 1454 481 1516 fumiferos
495 1455 587 1516 infert
601 1453 768 1516 Mezentius
782 1453 868 1535 ignes
879 1473 907 1535 3,

145 1537 192 1600 At
205 1536 364 1620 Messapus
379 1559 489 1620 equum
504 1539 641 1617 domitor,
662 1537 819 1620 Neptunia
839 1537 948 1619 proles,

146 1620 303 1684 Rescindit
313 1623 424 1685 vallum
439 1629 470 1685 et
484 1624 580 1686 scalas
594 1623 626 1684 in
640 1623 757 1685 moenia
767 1623 873 1704 poscit.

189 1705 264 1784 Vos,
279 1727 296 1769 o
313 1705 456 1789 Calliope,
471 1728 588 1790 precor,
603 1706 752 1789 adspirate
768 1706 898 1784 canenti,

146 1787 230 1861 Quas
244 1790 285 1853 ibi
299 1797 371 1854 tunc
386 1792 466 1854 ferro
480 1799 609 1874 strages,
625 1811 702 1874 quae
716 1792 825 1854 funera
839 1790 959 1852 Turnus

146 1873 296 1953 Ediderit,
311 1896 400 1958 quem
415 1877 540 1959 quisque
556 1877 653 1939 virum
667 1876 820 1938 demiserit
836 1873 934 1951 Orco;

146 1958 189 2021 Et
202 1980 321 2022 meeum
334 1961 472 2042 ingentes
486 1981 554 2023 oras
568 1960 697 2024 evolvite
711 1960 802 2023 belli:

150 2042 209 2126 [Et
222 2044 396 2108 meministis
411 2045 500 2124 enim,
516 2045 614 2125 divae,
630 2050 661 2108 et
673 2064 838 2107 memorare
853 2041 1007 2126 potestis]

189 2128 292 2191 Turris
307 2136 373 2192 erat
386 2136 471 2192 vasto
485 2137 627 2212 suspectu
641 2135 672 2192 et
686 2129 824 2212 pontibus
839 2127 918 2207 altis,

148 2210 324 2295 Opportrma
337 2215 420 2276 loco:
444 2215 565 2276 summis
580 2235 670 2296 quam
684 2213 795 2276 viribus
810 2231 912 2276 omnes

146 2296 329 2379 Expugnare
345 2297 416 2359 Itali
430 2318 603 2380 summaque
619 2304 755 2360 evertere
770 2318 860 2380 opum
875 2296 905 2358 vi

148 2379 322 2460 Certabant,
337 2383 429 2444 Troes
444 2389 548 2444 contra
563 2381 725 2445 defendere
740 2383 819 2445 saxis

146 2464 266 2548 Perque
282 2487 371 2529 cavas
385 2467 471 2529 densi
485 2469 546 2529 tela
560 2467 731 2549 intorquere
747 2467 904 2528 fenestras.

145 2548 291 2632 Princeps
306 2551 462 2613 ardentem
476 2552 603 2635 conjecit
616 2550 755 2633 lampada
765 2550 895 2628 Turnus,

146 2633 187 2695 Et
201 2635 348 2697 flammam
370 2637 462 2698 affixit
472 2636 571 2714 lateri,
587 2656 664 2718 quae
679 2635 807 2718 plurima
821 2642 911 2698 vento

147 2715 298 2801 Corripuit
312 2721 429 2783 tabulas
444 2727 476 2781 et
489 2721 621 2803 postibus
635 2720 732 2782 haesit
745 2718 852 2781 adesis.

146 2801 271 2864 Turbati
285 2805 436 2886 trepidare
451 2805 542 2882 intus,
557 2805 729 2886 frustraque
744 2804 888 2866 malorum

146 2884 234 2948 Velle
248 2887 361 2969 fugam.
407 2889 488 2950 Dum
502 2909 534 2951 se
550 2889 727 2970 glomerant,
742 2895 882 2970 retroque
897 2888 1034 2952 residunt

146 2969 185 3032 In
198 2978 325 3052 partem,
340 2993 417 3055 quae
432 2978 517 3055 peste
533 2979 627 3050 caret,
639 2979 703 3034 tum
717 2972 848 3055 pondere
864 2974 955 3036 turris

145 3054 309 3118 Procubuit
322 3058 431 3135 subito,
447 3064 480 3119 et
495 3059 610 3120 coelum
624 3063 708 3119 tonat
722 3078 807 3119 omne
823 3058 953 3138 fragore.

147 3138 318 3203 Semineces
335 3141 374 3202 ad
388 3148 511 3219 terram,
526 3141 646 3203 immani
660 3141 736 3203 mole
752 3148 868 3220 secuta,

147 3221 321 3305 Confixique
336 3225 397 3286 suis
412 3226 479 3287 telis
495 3232 526 3287 et
540 3232 663 3308 pectora
677 3225 752 3286 duro

146 3306 313 3370 Transfossi
327 3309 408 3389 ligno
422 3309 556 3370 veniunt.
601 3309 663 3373 Vix
677 3329 754 3371 unus
769 3307 905 3372 Helenor

146 3391 188 3454 Et
203 3392 304 3474 Lycus
320 3393 430 3475 elapsi:
454 3413 580 3474 quorum
594 3394 762 3474 primaevus
777 3391 925 3473 Helenor,

144 3475 283 3539 Maeonio
297 3478 363 3558 regi
377 3497 467 3558 quem
481 3497 569 3539 serva
583 3477 739 3560 Licymnia
752 3477 857 3539 furtim

146 3559 316 3623 Sustulerat
332 3561 490 3644 vetitisque
506 3561 545 3623 ad
560 3562 680 3643 Trojam
695 3562 817 3624 miserat
832 3561 933 3639 armis,

146 3645 225 3707 Ense
240 3647 314 3708 levis
328 3645 408 3708 nudo
423 3667 585 3728 parmaque
600 3646 742 3727 inglorius
758 3646 835 3708 alba.

144 3727 235 3808 Isque
250 3731 301 3792 ubi
315 3751 347 3792 se
363 3730 456 3792 Turni
470 3731 569 3792 media
582 3731 661 3792 inter
675 3731 767 3793 millia
783 3731 869 3809 vidit,
