2496 4334
466 285 625 332 nnnnmos
648 287 712 332 mn.
736 287 782 332 v1.
1076 269 1138 334 187

102 435 338 520 Tendebantqno
352 459 457 500 manus
472 438 554 520 ripae
569 438 717 501 ulterioris
732 459 852 501 amore:

102 520 216 583 Navita
231 522 284 584 sed
298 522 390 584 tristis
405 543 483 584 nunc
499 523 563 599 hos,
578 544 657 585 nunc
673 524 782 606 accipit
795 525 882 599 illos;
1091 544 1138 592 315

101 605 162 667 Ast
178 606 249 669 ahos
263 607 351 686 longe
367 606 515 669 submotos
530 613 614 668 arcet
628 628 728 669 arena.

102 689 225 751 Aeneas
237 727 277 736 -
288 691 412 753 miratus
427 692 506 753 enim
519 698 675 773 motusque
691 692 821 754 tumultu
831 727 875 738 -

102 773 171 850 Dio,
187 775 239 853 ait,
256 775 384 855 ovirgo,
400 775 471 857 quid
486 776 551 836 vult
565 796 726 838 concursus
741 777 778 838 ad
794 775 937 839 amnem?

103 856 219 929 deve
232 864 341 941 *petunt
356 859 497 921 animae?
521 861 569 922 vel
585 881 643 941 quo
658 860 825 922 discrimine
844 862 923 942 ripas

102 943 171 1004 Hae
186 943 336 1024 linquunt,
349 944 417 1006 illae
433 944 521 1006 remis
536 944 614 1006 vada
627 944 718 1006 livida
732 945 881 1007 verrunt?

103 1024 164 1088 Olli
178 1028 220 1090 sic
235 1028 367 1089 breviter
381 1028 444 1090 fata
459 1035 505 1090 est
518 1029 664 1109 longaeva
678 1029 837 1091 sacerdos:

101 1110 237 1174 Anchisa
251 1118 404 1193 generate,
421 1111 510 1174 deum
525 1110 689 1174 certissima
704 1115 811 1195 proles,

103 1195 210 1278 Cocyti
225 1202 332 1277 stagna
346 1197 407 1258 alta
421 1196 505 1258 vides
522 1194 718 1279 Stygiamque
733 1198 884 1280 paludem,

101 1279 142 1341 Di
157 1281 242 1363 cujus
252 1281 355 1362 jurare
370 1280 476 1342 timent
490 1285 521 1342 et
535 1281 638 1343 fallere
653 1303 773 1344 numen.

101 1363 189 1427 Haec
203 1365 306 1442 omnis,
321 1385 410 1446 quam
426 1365 532 1444 cernis,
547 1365 631 1448 inops
644 1365 857 1447 inhumataque
873 1366 962 1428 turba
976 1371 1023 1429 est
1035 1385 1044 1441 3
1119 1385 1132 1410 .-

102 1447 233 1510 Portitor
246 1449 296 1510 ille
313 1448 453 1525 Oharon3
475 1449 517 1526 hi,
533 1470 606 1532 quos
622 1450 704 1512 vehit
718 1450 809 1526 unda,
825 1451 943 1534 sepulti.

101 1531 134 1593 N
135 1553 169 1594 ec
184 1533 263 1615 ripas
278 1532 366 1595 datur
379 1533 542 1595 horrendas
558 1540 589 1596 et
603 1555 695 1597 rauca
708 1535 821 1596 fluenta

101 1615 314 1699 Transportare
329 1617 422 1700 prius,
438 1638 527 1699 quam
541 1618 660 1680 sedibus
674 1639 741 1681 ossa
755 1619 905 1701 quierunt.

103 1698 231 1763 Centum
246 1707 346 1763 errant
360 1722 451 1764 annos
468 1702 649 1785 volitantque
663 1703 738 1766 haec
753 1705 840 1766 litora
855 1704 987 1766 circum:

100 1784 177 1846 Tum
193 1785 311 1847 demum
325 1786 446 1848 admissi
460 1791 567 1868 stagna
581 1794 720 1869 exoptata
734 1788 878 1849 revisunt.

83 1896 86 1901 ·
102 1867 242 1932 Constitit
255 1869 390 1932 Anchisa
403 1877 496 1949 satus,
512 1876 543 1932 et
557 1872 683 1952 vestigia
697 1873 805 1954 pressit
817 1892 825 1947 ;

100 1953 200 2015 Multa
214 1961 331 2036 putans,
347 1961 514 2037 sortemque
530 1956 625 2024 animo
639 1956 795 2018 miseratus
809 1955 950 2038 iniquam.

103 2036 207 2100 Oernit
219 2038 260 2100 ibi
273 2046 401 2101 maestos
416 2045 447 2100 et
460 2039 562 2101 mortis
576 2040 686 2102 honore
701 2047 838 2102 carentes

100 2121 278 2204 Leucaspim
292 2128 324 2185 et
337 2123 449 2206 Lyciae
464 2123 618 2186 ductorem
632 2125 734 2186 classis
750 2123 895 2202 Oronten,

100 2205 181 2279 Quos
196 2208 293 2286 simul,
308 2228 327 2269 a
341 2207 430 2291 Troja
444 2214 567 2270 ventosa
581 2230 635 2291 per
649 2229 779 2290 aequora
792 2215 905 2288 vectos,

102 2290 210 2354 Obruit
223 2291 348 2371 Auster,
364 2313 442 2373 aqua
456 2293 607 2354 involvens
621 2314 787 2376 navemque
802 2294 950 2378 virosque.

143 2375 223 2438 Ecce
239 2377 419 2457 gubernator
433 2397 498 2439 sese
513 2377 672 2439 Pahnurus
687 2379 806 2459 agebat,

100 2459 159 2533 Qui
174 2460 286 2543 Libyco
301 2482 396 2542 nuper
411 2482 510 2539 cursu,
526 2461 597 2522 dum
611 2461 709 2523 sidera
724 2468 834 2540 servat,

100 2545 262 2607 Exciderat
276 2545 367 2628 puppi
382 2545 486 2606 mediis
501 2547 609 2607 effirsus
624 2546 655 2606 in
669 2546 766 2608 undis.

99 2629 190 2691 Hunc
205 2630 256 2691 ubi
271 2630 320 2690 vix
334 2630 428 2690 multa
441 2631 739 2711 maestumcognovit
752 2631 784 2692 in
798 2629 913 2709 umbra,

101 2712 150 2775 Sic
166 2713 245 2795 prior
259 2714 437 2795 alloquitur:
462 2712 536 2786 Quis
550 2722 592 2792 te,
607 2715 758 2792 Palinure,
775 2715 897 2776 deorum

100 2797 218 2878 Eripuit
233 2798 326 2874 nobis,
339 2797 495 2879 medioque
511 2798 565 2860 sub
580 2819 709 2880 aequore
724 2798 851 2862 mersit?

99 2881 155 2943 Dic
172 2903 238 2962 age.
283 2881 422 2963 Namque
438 2882 518 2960 mihi,
533 2883 624 2945 fallax
638 2883 718 2945 haud
733 2890 802 2946 ante
817 2888 965 2967 repertus,

99 2965 165 3028 Hoc
181 2987 239 3028 uno
255 2987 393 3047 responso
409 2967 538 3029 animum
553 2966 661 3029 delusit
674 2968 793 3049 Apollo,

99 3049 157 3122 Qui
172 3051 234 3110 fore
250 3055 280 3111 te
295 3056 385 3131 ponto
399 3052 586 3129 ineolumem,
601 3053 733 3132 finesque
750 3051 876 3114 canebat

98 3134 268 3196 Venturum
282 3135 441 3198 Ausonios.
487 3135 536 3196 En
549 3135 624 3197 haee
640 3136 782 3218 promissa
795 3135 870 3197 fides
885 3139 932 3197 est
944 3133 957 3196 l

98 3218 153 3279 Ille
170 3225 289 3279 autem:
314 3219 422 3300 Neque
438 3226 468 3280 te
484 3219 597 3280 Phoebi
612 3220 725 3282 cortina
738 3220 854 3298 fefellit,

97 3302 168 3363 Dux
183 3302 377 3383 Anchisiade,
392 3324 448 3366 nec
462 3324 510 3365 me
526 3303 600 3366 deus
615 3324 742 3385 aequore
758 3305 871 3366 mersit.

97 3387 236 3468 Namque
252 3387 464 3468 gubernaclum
478 3388 572 3449 multa
586 3388 615 3450 vi
629 3389 704 3450 forte
719 3389 880 3466 remilsum,

98 3471 153 3532 Oui
170 3471 257 3533 datus
271 3471 430 3533 haerebam
445 3478 555 3550 eustos,
571 3493 732 3554 cursusque
747 3473 899 3554 regebam,

97 3556 303 3637 Praecipitans
317 3557 394 3617 traxi
408 3578 533 3618 mecum.
580 3556 678 3618 Maria
693 3577 799 3637 aspera
808 3558 888 3639 juro,

97 3639 168 3700 Non
182 3641 274 3700 ullum
289 3661 342 3720 pro
358 3662 405 3701 me
422 3647 538 3702 tanturn
554 3641 666 3723 cepisse
683 3641 829 3717 timorem,

96 3723 192 3796 Quam
209 3731 324 3803 tuane,
339 3726 463 3807 spoliata
478 3725 577 3804 armis,
593 3746 717 3788 excussa
731 3724 882 3806 magistro,
