2496 4334
467 317 628 365 Annmuos
655 320 720 365 LIB.
743 318 791 366 1v.

106 472 279 537 Ascanione
294 480 382 557 pater
395 472 546 535 Romanas
561 472 676 535 invidet
691 471 797 535 arces?

107 558 187 632 Quid
202 558 315 622 struit?
338 566 391 622 aut
413 579 473 639 qua
487 580 540 641 spe
555 558 675 620 inimica
688 559 720 620 in
736 564 826 640 gente
842 558 996 623 moraturi

106 644 173 707 Nec
189 645 303 727 prolem
317 646 483 712 Ausoniam
499 652 530 706 ct
545 641 670 705 Lavinia
684 645 806 726 respicit
821 643 917 707 arva?

105 729 259 813 Naviget!
283 732 361 794 haec
378 751 494 792 summa
509 735 565 806 est,
582 730 630 791 hic
647 730 740 792 nostri
755 730 877 792 nuntius
892 737 966 794 esto.

149 816 286 878 Dixerat.
331 815 388 878 Ille
404 816 497 899 patris
513 816 617 903 magni
630 836 735 897 parere
752 815 878 897 parabat

105 901 238 984 Imperio
251 921 260 976 ;
283 909 315 964 ct
329 902 457 984 primum
472 901 597 983 pedibus
613 901 720 963 talaria
734 901 830 963 nectit

104 985 223 1065 Aurea,
239 1008 316 1069 quac
331 987 489 1050 sublimem
503 987 568 1064 alis,
584 986 647 1048 sive
663 1007 795 1068 aequora
809 1007 911 1068 supra,

106 1073 170 1136 Seu
184 1079 308 1153 terram,
323 1072 427 1155 rapido
443 1073 556 1156 pariter
572 1093 641 1135 cum
655 1072 773 1133 flamine
789 1078 919 1154 portant.

105 1159 183 1221 Turn
197 1159 313 1241 virgam
328 1159 427 1241 capit:
451 1159 508 1220 hac
524 1159 637 1220 animas
652 1157 701 1219 ille
718 1164 824 1219 evocat
841 1155 921 1220 Orco

104 1244 270 1324 Pallentes,
287 1245 359 1306 alias
374 1245 429 1307 sub
447 1244 575 1306 Tartara
590 1243 688 1305 tristia
705 1243 815 1319 mittit3

103 1329 168 1392 Dat
182 1351 298 1393 somnos
314 1330 488 1412 adimitque,
504 1336 536 1392 et
550 1331 663 1392 lumina
677 1336 772 1391 morte
788 1328 932 1410 resignat.

103 1415 164 1477 Illa
178 1415 275 1478 fretus
290 1415 354 1497 agit
367 1422 484 1493 ventos,
502 1422 534 1477 et
548 1415 668 1477 turbida
690 1421 791 1477 tranat

103 1501 230 1564 Nubila.
274 1501 405 1583 Jamque
422 1502 524 1563 volans
540 1501 656 1584 apicem
671 1507 703 1562 ct
717 1502 813 1563 latera
829 1499 924 1562 ardua
939 1496 1036 1560 cernit

102 1585 239 1648 Atlantis
253 1585 332 1665 duri,
349 1587 464 1648 coelum
480 1587 531 1668 qui
546 1587 659 1648 vertice
674 1585 780 1661 fulcit;

102 1671 249 1751 Atlantis,
265 1671 398 1734 cinctum
415 1672 534 1734 assidue
552 1673 598 1734 cui
613 1671 741 1734 nubibus
757 1672 830 1734 atris

102 1757 271 1820 Piniferum
286 1763 424 1840 caputet
440 1764 529 1821 vento
544 1759 681 1840 pulsatur
697 1764 727 1819 et
744 1757 850 1832 imbri3

102 1842 167 1905 Nix
180 1844 320 1906 humeros
334 1842 433 1906 infusa
447 1844 543 1926 segia
566 1849 630 1905 tum
645 1843 767 1905 flumina
783 1848 884 1904 mento

102 1929 311 2012 Praecipitant
324 1929 415 2008 senis,
431 1935 463 1991 ot
477 1929 573 2011 glacie
589 1929 668 2010 riget
681 1928 803 1991 horrida
816 1928 919 1990 barba.

101 2014 164 2077 Hic
180 2015 307 2097 primum
322 2014 443 2097 paribus
457 2015 556 2077 nitens
572 2013 726 2098 Cyllenius
742 2015 796 2076 alis

103 2099 265 2176 Constitit3
291 2100 360 2162 hinc
377 2105 438 2163 toto
453 2121 599 2183 praeceps
615 2121 646 2162 se
663 2120 786 2182 corpore
803 2099 842 2161 ad
857 2097 953 2160 undas

100 2185 198 2264 Mrsit,
214 2185 263 2249 avi
277 2185 390 2263 similis,
405 2205 483 2268 quae
499 2186 612 2248 circum
626 2187 725 2264 litora,
749 2185 861 2247 circum

100 2271 239 2334 Piscosos
253 2272 400 2354 scopulos,
414 2271 532 2333 humilis
548 2273 628 2334 volat
643 2292 774 2353 aequora
783 2271 882 2354 juxta.

101 2356 197 2419 Haud
212 2357 300 2419 aliter
315 2363 412 2419 terras
426 2357 506 2418 iuter
525 2358 699 2438 coelumque
721 2357 840 2419 volabat

101 2442 188 2504 Litus
204 2463 361 2504 arenosum
377 2441 416 2504 ad
431 2441 557 2525 Libyae,
574 2449 737 2524 ventosque
753 2443 875 2504 secabat

100 2527 243 2590 Materno
257 2527 381 2590 veniens
396 2527 433 2589 ab
450 2548 506 2590 avo
522 2527 661 2611 Cyllenia
673 2529 782 2610 proles.

100 2612 148 2675 Ut
161 2613 290 2696 primum
305 2612 391 2676 alatis
406 2613 507 2694 tetigit
521 2615 650 2695 magalia
664 2613 784 2696 plantis,

100 2697 231 2760 Aenean
245 2698 423 2760 fundantem
439 2719 523 2761 arces
539 2719 574 2761 ac
590 2705 673 2761 taeta
687 2705 847 2761 novantem

102 2783 266 2866 Conspicit.
311 2782 416 2865 Atque
434 2784 477 2845 illi
492 2786 628 2846 stellatus
643 2784 758 2867 iaspide
773 2784 856 2850 fulva

101 2869 191 2930 Ensis
207 2875 284 2947 erat,
299 2868 450 2952 Tyrioque
466 2869 593 2931 ardebat
606 2870 719 2931 murice
733 2871 821 2931 laena

100 2954 241 3016 Demissa
255 2974 293 3016 ex
306 2952 450 3032 humeris,
466 2954 549 3017 diues
565 2976 642 3036 quae
657 2976 783 3017 munera
797 2955 877 3020 Dido

99 3039 241 3118 Fecerat,
257 3044 289 3101 et
303 3039 387 3101 tenui
401 3042 476 3102 telas
492 3039 677 3102 discreverat
693 3061 774 3102 auro.

101 3123 250 3187 Continuo
264 3124 397 3187 invadit:
422 3125 469 3186 Tu
483 3146 564 3187 nunc
581 3125 771 3207 Carthaginis
783 3127 861 3188 altae

100 3209 310 3271 Fundamenta
324 3210 415 3286 locas,
431 3211 646 3293 pulchramque
661 3210 781 3273 uxorius
796 3212 902 3274 urbem

99 3293 248 3356 Extruis?
271 3295 333 3356 heu
347 3296 434 3376 regni
449 3317 609 3377 rerumque
624 3297 714 3358 oblite
730 3297 869 3362 tuarum!

99 3378 170 3462 Ipse
187 3379 277 3442 deum
291 3379 345 3441 tibi
360 3401 407 3442 me
424 3382 503 3442 claro
520 3381 652 3445 demittit
675 3379 803 3464 Olympo

99 3465 266 3546 Regnator,
282 3466 398 3527 coelum
412 3473 443 3528 et
457 3472 553 3528 terras
569 3466 620 3547 qui
635 3467 756 3528 nurnine
772 3474 912 3549 torquet3

98 3549 170 3632 Ipse
181 3551 256 3613 haec
272 3550 351 3612 ferro
362 3550 451 3633 jubet
466 3554 579 3614 celeres
594 3552 737 3613 mandata
751 3573 806 3634 per
824 3574 931 3615 auras:

100 3634 179 3707 Quid
194 3635 285 3697 struis
298 3634 311 3696 ‘l
335 3643 389 3697 aut
403 3658 463 3718 qua
478 3658 530 3719 spe
546 3637 668 3719 Libycis
683 3638 755 3699 teris
771 3638 832 3699 otia
846 3636 958 3700 terris?

101 3719 134 3782 Si
148 3726 178 3782 te
194 3721 277 3783 nulla
291 3728 392 3783 movet
406 3728 559 3784 tantarum
570 3723 664 3802 gloria
679 3743 791 3799 rerum,

98 3804 165 3868 Nec
181 3826 273 3888 super
286 3805 350 3888 ipsc
366 3812 419 3868 tua
432 3809 543 3952 rppliris
558 3806 647 3870 laude
663 3807 816 3879 laborem3
