2496 4334
145 270 208 335 268
475 289 504 334 r.
527 286 836 335 v1ucm11unn0nrs

146 440 333 514 Quaerimus.
378 441 468 504 Hanc
484 440 621 522 genetrix
637 441 745 503 faeiem
759 442 900 505 miserata
914 441 1033 522 refecit,

145 526 187 588 Et
203 528 287 589 dedit
302 547 366 589 esse
382 527 453 588 deas
470 546 635 608 aevumque
651 527 766 608 agitare
780 527 834 588 sub
846 527 944 591 undis.

144 612 190 674 At
204 633 280 694 puer
294 611 443 674 Ascanius
458 633 542 673 muro
553 610 698 693 fossisque
710 617 831 674 tenetur
1029 608 1032 615 ’

144 697 218 758 Tela
233 696 424 758 intermedia
439 703 530 778 atque
545 695 701 758 horrentes
716 696 817 758 Marte
833 695 965 760 Latinos.

143 781 166 843 J
167 801 215 842 am
229 783 295 843 loca
304 781 390 863 jussa
404 786 488 842 tenet
498 781 569 842 forti
579 781 744 863 permixtus
759 781 887 844 Dtmsco

143 865 243 928 Arcas
259 886 350 947 eques
364 884 372 940 ;
395 865 509 927 medias
523 865 581 927 illis
595 885 744 948 opponere
755 871 881 945 turmas,

144 949 194 1012 Ne
210 951 315 1012 castris
324 952 466 1033 jungant,
479 955 563 1012 certa
578 955 625 1011 est
638 951 788 1013 sententia
802 951 914 1013 Turne.

146 1033 244 1116 Surge
261 1056 329 1117 age,
345 1041 375 1096 et
389 1035 512 1097 Aurora
525 1035 620 1097 socios
635 1035 773 1098 veniente
789 1035 890 1099 vocari

144 1119 262 1181 Primus
276 1121 308 1181 in
323 1140 406 1181 arma
415 1121 501 1202 jube,
516 1126 548 1182 et
563 1120 702 1202 clypeum
716 1140 802 1202 cape,
818 1140 908 1202 quem
922 1119 1007 1184 dedit
1020 1119 1084 1205 ipse

143 1204 294 1266 Invictum
308 1203 483 1286 Ignipotens
497 1211 588 1286 atque
604 1224 670 1266 oras
686 1205 789 1267 ambiit
803 1225 885 1266 auro.

145 1287 283 1351 Crastina
297 1290 360 1366 lux,
375 1309 443 1350 mea
458 1289 553 1351 sinon
567 1289 652 1352 irrita
667 1288 748 1351 diota
762 1290 908 1372 putaris„

143 1372 287 1455 Ingentes
303 1373 434 1435 Rutulae
449 1373 596 1455 spectabit
611 1373 711 1435 caedis
727 1394 859 1436 acervos.

143 1458 280 1537 Dixerat,
296 1464 328 1520 et
342 1459 448 1520 dextra
463 1457 619 1520 discedens
632 1458 752 1539 impuht
766 1458 868 1537 altam,

144 1542 237 1605 Haud
251 1544 357 1625 ignara
370 1542 462 1620 modi,
477 1543 609 1625 puppim.
653 1542 747 1625 Fugit
760 1543 811 1605 illa
824 1564 879 1626 per
893 1542 990 1606 undas

145 1626 235 1690 Ocior
250 1635 282 1691 et
291 1629 391 1712 jacrdo
407 1633 439 1690 et
453 1634 557 1690 ventos
573 1633 722 1711 aequante
737 1628 858 1710 sagitta.

143 1712 220 1774 Inde
236 1713 311 1775 aliae
327 1714 459 1775 celerant
474 1732 589 1775 cursus.
635 1711 745 1796 Stupet
754 1712 865 1776 inscius
879 1711 943 1793 ipse

143 1796 217 1860 Tros
232 1795 441 1876 Anchisiades,
459 1799 570 1860 animos
586 1802 687 1860 temen
702 1797 798 1860 omine
814 1797 900 1860 tollit.

143 1881 220 1943 Tum
233 1883 366 1945 breviter
380 1903 488 1965 supera
503 1883 680 1964 adspectans
695 1903 828 1944 convexa
844 1887 1003 1964 precatur:

142 1966 234 2029 Alma
248 1988 356 2050 parens
371 1968 465 2030 Idaea
480 1967 580 2046 deum,
597 1967 645 2030 cui
660 1966 812 2050 Dindyma
827 1967 909 2029 cordi

143 2051 382 2134 Turrigeraeque
398 2053 486 2115 urbes
500 2053 653 2135 bijugique
668 2051 708 2114 ad
721 2051 809 2114 frena
822 2053 935 2131 leones,

143 2136 189 2199 Tu
204 2138 276 2198 mihi
289 2158 368 2199 nuno
384 2158 503 2219 pugnae
518 2138 669 2220 princeps,
684 2143 717 2198 tu
731 2137 789 2199 rite
804 2137 985 2219 propinques

141 2221 324 2302 Augurium,
337 2221 566 2306 Phrygibusque
582 2221 661 2283 adsis
676 2221 763 2303 pede,
776 2221 856 2299 diva,
868 2220 1010 2284 secundo.

142 2306 271 2367 Tantum
287 2307 413 2369 effatus:
439 2313 469 2368 et
483 2306 599 2368 interea
614 2307 749 2368 revoluta
763 2306 871 2368 ruebat

142 2390 264 2452 Matura
274 2392 338 2474 jam
352 2392 419 2453 luce
435 2391 498 2453 dies
512 2396 689 2472 noctemque
704 2392 845 2473 fugarat:

142 2475 292 2558 Principio
307 2477 392 2538 sociis
408 2476 508 2554 edicit,
521 2477 606 2557 signa
620 2483 794 2558 sequantur,

141 2559 245 2642 Atque
261 2561 371 2622 animos
387 2567 491 2642 aptent
506 2560 605 2638 armis,
621 2581 799 2642 pugnaeque
814 2566 922 2643 parent
935 2581 979 2623 se.

141 2644 271 2727 Jamque
287 2646 318 2707 in
333 2652 495 2727 conspectu
509 2645 640 2707 Teucros
654 2645 746 2707 habet
761 2651 792 2707 et
806 2666 861 2708 sua
877 2652 986 2724 eastra,

144 2727 233 2791 Stans
249 2731 329 2792 celsa
342 2731 373 2791 in
387 2731 497 2813 puppi:
522 2731 661 2812 clypeum
676 2750 768 2811 quum
782 2730 889 2792 deinde
905 2731 1025 2793 sinistra

142 2812 259 2875 Extulit
274 2815 439 2877 ardentem.
485 2814 651 2877 Clamorem
667 2815 705 2877 ad
720 2815 819 2877 sidera
835 2816 942 2877 tollunt

141 2897 333 2961 Dardanidae
349 2920 365 2962 e
380 2899 490 2960 muris:
515 2919 583 2980 spes
598 2898 701 2960 addita
715 2899 840 2961 suscitat
854 2899 935 2975 ires3

141 2981 215 3045 Tela
228 3004 318 3045 manu
328 2984 465 3066 jaciunt:
490 2984 592 3066 quales
607 2983 662 3045 sub
676 2983 804 3045 nubibus
819 2983 892 3046 atris

143 3065 331 3151 Strymoniae
347 3069 420 3130 dant
435 3068 520 3150 signa
534 3089 635 3150 grues,
652 3074 742 3149 atque
759 3069 883 3130 aethera
897 3071 1019 3130 tranant
1052 3066 1054 3069 ’

142 3150 218 3213 Cum
233 3153 342 3232 sonitu,
357 3154 535 3236 fugiuntque
550 3152 646 3215 Notos
662 3153 789 3214 clamore
804 3152 946 3215 seeundo.

142 3235 185 3299 At
200 3237 312 3299 Rutulo
327 3238 393 3318 regi
408 3237 591 3320 ducibusque
607 3258 644 3299 ea
657 3237 733 3300 mira
747 3238 842 3299 videri

141 3319 292 3399 Ausoniis,
308 3321 403 3383 donec
418 3342 520 3384 verses
535 3322 574 3384 ad
587 3322 674 3384 litora
689 3343 803 3405 puppes

139 3402 327 3487 Respiciunt,
343 3412 497 3488 totumque
513 3407 600 3483 allabi
612 3408 754 3470 classibus
766 3428 887 3489 aequor.

139 3488 240 3551 Ardet
254 3510 331 3572 apex
346 3491 446 3572 capiti,
458 3491 612 3573 cristisque
628 3493 773 3555 avertice
788 3494 906 3554 flamma

138 3574 298 3653 Funditur,
314 3581 346 3637 et
360 3582 459 3638 vastos
474 3576 562 3651 umbo
577 3577 668 3640 vomit
682 3598 788 3639 aereus
802 3577 908 3659 ignes:

138 3657 171 3718 N
172 3680 210 3721 on
224 3681 311 3722 secus
327 3681 361 3723 ac
377 3660 490 3742 liquida
504 3661 529 3723 si
543 3662 662 3743 quaudo
673 3668 760 3724 nocte
774 3668 906 3724 cometae

140 3740 304 3826 Sanguinei
318 3746 445 3831 lugubre
460 3747 580 3826 rubent,
596 3752 648 3808 aut
665 3744 759 3810 Sirius
775 3747 874 3825 ardor,
