2496 4334
468 265 629 314 ARNEIDOS
652 268 716 313 LIB.
740 268 765 314 1.

144 419 195 486 Sic
209 422 264 503 ait,
279 427 312 486 et
326 421 407 485 dicto
422 419 509 484 citius
523 419 639 483 tumida
653 441 785 504 aequora
799 421 909 504 placat,

105 506 311 592 Collectasque
326 508 414 590 fugat
427 507 521 569 nubes
525 508 699 589 ,solemque
715 507 842 569 reducit.

103 591 267 676 Cymothoe
284 594 373 656 simul
387 598 418 655 et
405 554 536 654 ιΤιιιιιι
551 591 677 654 adnixus
692 598 780 654 acuto

100 677 384 741 Detruduntuaves
398 678 542 760 scopulo;
563 677 668 739 levat‘
633 683 752 759 ttrpse
739 676 872 754 tridenti,

99 763 141 825 Et
156 770 258 826 vastm
273 763 372 847 aperit
385 768 495 846 syrtes,
510 769 542 824 et
556 769 705 845 temperat
719 781 852 843 aequor;

98 847 204 931 Atque
222 848 294 911 rotis
309 867 439 946 summas
452 847 567 909 levibus
582 848 710 930 perlabit
711 870 747 909 ur
697 847 868 910 t.nudas

97 933 147 995 Ac
164 933 259 995 veluti
272 953 382 1016 magno
395 932 428 994 in
442 932 550 1030 populo
565 953 658 1014 quum
672 952 762 1015 saepe
778 938 880 994 coorta
895 937 942 994 est

99 1016 230 1097 Seditio,
244 1018 399 1101 saevitque
415 1017 519 1080 animis
533 1017 661 1099 ignobile
676 1019 805 1100 vulgns3

96 1103 230 1186 Jamque
244 1103 374 1167 facest
343 1110 374 1166 et
388 1115 460 1166 saxa
474 1103 597 1177 volaut3
619 1102 703 1165 firror
717 1123 801 1165 arma
814 1101 983 1163 ministrat·

98 1188 188 1268 Tum,
203 1189 317 1272 pietate
332 1209 456 1271 gravem
471 1208 506 1251 ac
521 1149 634 1250 meritis
649 1209 674 1250 ιι
664 1188 808 1250 “forte
781 1209 877 1250 nrum
892 1207 982 1269 quem

100 1272 305 1358 Conspexere,
320 1274 420 1352 silent,
435 1275 619 1356 arrectisque
635 1273 755 1335 auribus
770 1272 891 1335 adstant
904 1292 912 1348 ;

98 1358 162 1422 Iste
177 1359 335 1449 regitt
273 1359 335 1422 dict
335 1359 360 1422 is
375 1359 547 1436 animos,t
517 1379 533 1420 e
534 1364 684 1441 tpeotora
697 1360 829 1421 mulcet·

100 1442 152 1507 Sic
167 1444 295 1508 cunctus
309 1444 409 1543 pelagi
424 1406 533 1507 cecidit
520 1443 659 1542 tfragor,
675 1463 806 1527 aequora
819 1447 977 1525 postquam

99 1529 290 1613 Prospicieus
305 1530 433 1612 genitor,
448 1530 589 1611 coeloque
602 1529 739 1591 invectus
754 1533 868 1612 aperto,

98 1615 213 1678 Flectit
199 1621 329 1697 teqnos,
346 1635 496 1698 curruque
511 1615 614 1677 volans
629 1613 682 1676 dat
695 1615 760 1676 lora
774 1612 916 1676 secundo.

99 1699 222 1762 Defessi
235 1698 413 1779 Aeneadae,
429 1720 506 1783 quae
521 1700 666 1782 proxime,
682 1700 770 1762 litora
784 1720 874 1761 cursu

101 1785 297 1849 Contendunt
310 1791 425 1867 petere,
440 1791 472 1847 et
487 1784 601 1869 Libyae
616 1791 775 1847 vertrmtur
790 1783 829 1846 ad
844 1803 921 1847 orus.

73 1920 77 1925 .
99 1870 158 1934 Est
171 1870 204 1932 in
218 1891 339 1933 secessu
353 1871 441 1953 longo
454 1871 557 1933 locus:
581 1871 679 1932 insula
693 1877 812 1952 portum

100 1955 204 2019 Efficit
217 1954 337 2039 objectu
350 1957 489 2034 latemur,
504 1956 611 2038 quibus
626 1957 720 2018 omnis
735 1956 772 2017 ab
788 1956 847 2017 alto

99 2040 266 2123 Frangitur
279 2040 370 2123 inque
385 2041 467 2104 sinus
481 2040 590 2103 scindit
577 2047 670 2104 tsese
686 2040 768 2103 unda
781 2040 931 2102 reductos.

99 2125 183 2189 Hinc
199 2132 290 2208 atque
304 2126 375 2189 hinc
391 2133 493 2190 vastae
508 2146 599 2208 rupes
614 2126 783 2224 geminique
797 2125 949 2187 minantur

99 2211 140 2274 In
154 2212 272 2274 coelum
286 2211 410 2294 scopuli,
426 2232 552 2296 quorum
566 2212 621 2273 sub
637 2212 750 2274 vertice
765 2211 826 2274 late

98 2296 247 2379 Aequora
261 2302 329 2359 tuta
342 2297 452 2373 silent3
475 2296 635 2359 tumsilvis
649 2318 740 2359 scena
755 2293 885 2358 coruscis

99 2381 242 2464 Desuper
254 2382 447 2465 horrentique
463 2388 562 2444 atrum
575 2403 680 2444 nemus
694 2383 829 2443 imminet
842 2382 958 2442 umbra.

99 2466 214 2530 Fronte
229 2467 285 2529 sub
299 2466 426 2530 adversa
440 2467 569 2550 scopulis
583 2467 716 2550 pendent
703 2468 781 2529 tibus
797 2487 835 2528 an
836 2471 937 2527 t·rum
929 2511 937 2540 ‚

99 2552 189 2622 Intus
203 2572 299 2634 aquae
314 2551 428 2631 dulces,
444 2553 570 2634 vivoque
586 2552 690 2614 sedilia
704 2571 797 2626 sax03

101 2637 313 2720 Nympharum
327 2636 441 2700 domus.
486 2638 546 2700 Hic
561 2638 655 2700 fessas
671 2659 730 2699 non
744 2637 864 2702 vincula
877 2655 969 2700 naves

100 2722 174 2785 Ulla
188 2728 314 2797 tenent3
336 2743 415 2786 unco
429 2744 489 2784 non
503 2723 607 2804 alligat
621 2724 751 2785 anchora
765 2744 875 2786 morsu.

100 2807 173 2871 Huc
189 2813 305 2890 septem
319 2806 442 2870 Aeneas
458 2809 589 2870 collectis
605 2808 730 2870 navibus
745 2810 823 2870 omni

101 2893 149 2955 Er
163 2913 288 2955 numero
301 2893 382 2955 subit
395 2913 403 2968 ;
426 2914 474 2971 ac,
489 2915 597 2975 magno
612 2895 726 2956 telluris
741 2915 841 2957 amore

102 2977 237 3060 Egressi,
252 2983 355 3060 optata
369 2979 523 3060 potiuntur
537 2979 630 3041 Troes
646 2999 748 3056 arena,

101 3062 142 3125 Et
157 3063 220 3125 sale
236 3062 372 3125 tabentes
388 3069 471 3125 artus
485 3064 517 3124 in
530 3065 616 3126 litore
632 3074 756 3145 ponunt.

99 3147 149 3209 Ac
165 3146 293 3229 primum
308 3147 382 3210 silici
396 3148 554 3211 scintillam
569 3149 690 3210 excudit
704 3147 851 3226 Achates,

102 3231 303 3315 Suscepitque
318 3232 418 3314 ignem
432 3233 520 3312 foliis,
536 3240 625 3316 atque
644 3234 729 3296 arida
745 3234 857 3295 circum

100 3316 297 3380 Nutrimenta
312 3316 407 3396 dedit,
421 3319 580 3401 rapuitque
595 3319 626 3380 iu
640 3319 742 3382 fomite
757 3320 916 3382 flammam.

98 3402 177 3464 Tum
193 3401 336 3468 Cererem
351 3410 521 3485 corruptam
535 3404 623 3465 undis
640 3402 835 3486 Cerealiaque
851 3425 934 3467 arma

100 3486 276 3570 Expediunt
289 3487 361 3549 fessi
375 3509 475 3550 rernm
489 3509 497 3564 ;
519 3489 682 3570 frugesque
697 3496 835 3571 receptas

98 3571 142 3634 Et
157 3578 272 3634 torrere
287 3578 397 3654 parant
409 3573 545 3652 flammis,
561 3580 592 3637 et
606 3574 746 3655 frangere
762 3594 843 3636 saxo.

141 3656 267 3720 Aeneas
281 3658 435 3739 scopulum
449 3658 566 3721 interea
581 3659 765 3737 conscendit,
781 3666 812 3720 et
826 3678 943 3721 omnem

97 3741 299 3826 Prospectum
312 3743 374 3804 late
389 3744 496 3824 pelago
511 3744 587 3826 petit
601 3764 608 3818 ;
631 3743 756 3805 Anthea
770 3744 795 3806 si
810 3764 901 3826 quem
