2496 4334
104 259 167 323 204
441 277 471 323 Ρ.
495 276 637 322 vraomn
659 272 803 322 uramus

101 429 205 511 Atque
220 450 337 491 omnem
354 433 490 491 ornatum
505 429 623 490 flamma
637 427 802 511 crepitante
819 426 956 506 cremari,

101 513 292 596 Regalesque
308 534 435 576 accensa
450 534 558 591 comas,
575 533 701 575 accensa
716 534 865 591 coronam,

101 598 255 679 Insignem
270 599 393 680 gemmis'
408 617 415 672 ;
438 603 503 659 tum
517 598 631 661 fumida
646 598 756 660 lumine
771 597 853 660 fulvo

101 682 228 762 Involvi,
244 704 279 746 ac
295 683 365 746 totis
379 682 552 746 Vulcanum
567 704 709 765 spargere
725 682 824 745 tectis.

100 767 138 829 Id
154 789 224 830 vero
238 768 420 832 horrendum
434 788 470 830 ac
485 768 551 830 visu
565 768 698 831 mirabile
713 767 806 829 ferri:

101 851 240 935 Namque
255 853 318 915 fore
334 853 479 916 illustrem
494 853 575 914 fama
589 853 717 935 fatisque
736 852 884 914 canebant

99 937 211 1019 Ipsam,
228 938 281 1001 sed
296 939 403 1021 populo
417 958 559 1019 magnum
573 938 751 1020 portendere
771 937 892 998 bellum.

99 1024 145 1083 At
159 1044 216 1084 rex·
227 1023 369 1085 sollicitus
383 1023 532 1100 monstris,
547 1023 668 1084 oracula
688 1022 795 1100 Fauni,

100 1106 227 1169 Fatidici
242 1107 395 1189 genitoris,
411 1107 485 1186 adit,
499 1108 641 1190 lucosque
657 1108 711 1169 sub
727 1107 788 1168 alta

101 1189 236 1254 Consulit
249 1192 400 1270 Albunea,
415 1213 569 1254 nemorum
584 1213 660 1274 quae
675 1191 805 1254 maxima
819 1211 904 1254 sacro

99 1275 194 1340 Fonte
210 1284 305 1356 sonat,
321 1298 500 1359 saevamque
516 1277 635 1339 exhalat
650 1297 744 1359 opaca
756 1275 920 1357 mephitim.

99 1360 180 1423 Hinc
196 1362 292 1424 Italae
307 1368 413 1444 gentes
428 1361 582 1443 omnisque
599 1361 743 1425 Oenotria
762 1361 851 1422 tellus

99 1446 138 1508 In
153 1446 248 1509 dubiis
263 1467 404 1529 responsa
418 1452 535 1529 petunt.
580 1445 652 1509 Huc
668 1447 746 1508 dona
759 1445 899 1508 sacerdos

100 1529 200 1603 Quum
214 1533 293 1610 tulit,
309 1538 340 1594 et
355 1552 509 1593 caesarum
524 1531 623 1593 ovium
637 1532 692 1594 sub
707 1536 794 1593 nocte
809 1529 907 1592 silenti

99 1614 232 1678 Pellibus
246 1616 380 1678 incubuit
395 1615 506 1694 stratis,
522 1637 697 1699 somnosque
712 1614 829 1698 petivit,

99 1698 198 1762 Multa
212 1701 305 1763 modis
320 1701 479 1763 simulacra
493 1700 576 1762 videt
589 1701 744 1764 volitantia
757 1699 851 1779 miris,

100 1785 141 1848 Et
156 1786 253 1847 varias
268 1786 351 1848 audit
365 1807 465 1863 voces,
480 1785 649 1868 fruiturque
665 1785 789 1848 deorum

101 1868 264 1953 Colloquio,
280 1876 371 1953 atque
388 1870 455 1932 imis
469 1868 644 1932 Acheronta
659 1871 767 1932 affatur
781 1868 923 1931 Avernis.

99 1953 160 2017 Hic
176 1961 207 2017 et
220 1961 292 2017 tunc
307 1962 394 2038 pater
409 1955 471 2038 ipse
487 1960 592 2036 petens
606 1976 748 2037 responsa
763 1953 888 2016 Latinus

100 2037 228 2101 Centum
243 2040 391 2122 lanigeras
406 2040 557 2102 mactabat
577 2039 633 2102 rite
648 2039 796 2118 bidentes,

99 2122 203 2206 Atque
218 2126 324 2187 harum
340 2125 459 2186 effultus
474 2130 560 2206 tergo
575 2124 735 2206 stratisque
745 2124 869 2207 jacebat

99 2208 287 2271 Velleribus:
312 2209 410 2270 subita
425 2229 462 2270 ex
477 2208 537 2270 alto
552 2230 608 2270 vox
624 2209 743 2271 reddita
756 2211 824 2271 luco
840 2213 907 2270 est:

100 2292 149 2354 Ne
165 2299 233 2374 pete
250 2293 402 2355 connubiis
418 2298 518 2355 natam
534 2293 646 2355 ‘sociare
662 2292 787 2372 Latinis,

101 2376 128 2438 O
143 2399 210 2440 mea
224 2378 392 2459 progenies,
409 2378 545 2439 thalamis
559 2399 620 2440 neu
635 2378 725 2440 crede
740 2377 873 2460 paratis;

100 2459 225 2523 Externi
240 2463 364 2524 veniunt
379 2462 493 2544 generi,
510 2462 559 2544 qui
575 2463 720 2544 sanguine
735 2469 869 2525 nostrum

99 2545 217 2608 Nomen
231 2547 262 2608 in
277 2554 358 2609 astra
373 2549 483 2625 ferant,
499 2568 683 2629 quorumque
699 2549 735 2609 ab
751 2548 843 2630 stirpe
858 2551 982 2629 nepotes

100 2628 208 2693 Omnia
222 2633 276 2694 sub
291 2632 426 2714 pedibus,
443 2653 503 2714 qua
519 2630 571 2693 Sol
584 2637 744 2713 utrumque
760 2652 918 2694 recurrens
1092 2650 1139 2697 100

98 2714 238 2797 Adspicit
254 2714 419 2794 Oceanum,
435 2716 571 2798 vertique
586 2716 710 2798 regique
725 2717 879 2778 videbunt.

98 2798 185 2862 Haec
200 2821 342 2883 responsa
356 2801 449 2883 patris
465 2800 573 2879 Fauni,
588 2801 777 2883 monitusque
793 2801 891 2863 silenti

97 2882 196 2946 Nocte
213 2885 297 2946 datos
311 2907 371 2946 non
385 2885 448 2966 ipse
464 2905 517 2947 suo
533 2886 641 2967 premit
656 2906 706 2947 ore
723 2885 867 2960 Latinus3

99 2965 160 3030 Sed
176 2969 288 3031 circum
302 2971 362 3031 late
378 2969 503 3032 volitans
514 2970 578 3052 jam
593 2969 687 3032 Fama
701 2991 756 3052 per
770 2971 860 3031 urbes

97 3052 246 3115 Ausonias
261 3055 382 3133 tulerat,
399 3075 491 3136 quum
505 3053 720 3116 Laomedontia
733 3055 827 3137 pubes
1091 3071 1139 3119 105

98 3135 257 3200 Gramineo
271 3139 353 3221 ripae
368 3139 507 3220 religavit
521 3139 558 3200 ab
574 3159 685 3220 aggere
701 3140 836 3201 classem.

138 3220 261 3283 Aeneas
276 3223 421 3304 primique
438 3224 530 3285 duces
545 3230 576 3284 et
590 3224 715 3305 pulcher
730 3223 816 3285 Iulus

98 3304 231 3387 Corpora
245 3306 299 3367 sub
315 3307 404 3368 ramis
422 3308 575 3389 deponunt
589 3308 701 3370 arboris
716 3308 806 3386 altae,

96 3389 321 3472 Instituuntque
337 3391 440 3472 dapes,
456 3399 487 3453 et
501 3391 611 3454 adorea
624 3393 685 3454 liba
699 3413 753 3474 per
766 3392 890 3453 herbam
1078 3456 1081 3467 x

98 3472 267 3556 Subjiciunt
282 3475 376 3557 epulis
391 3476 484 3538 -sic
500 3475 622 3558 Jupiter·
636 3477 686 3538 ille
700 3477 894 3539 monebat-
1091 3493 1138 3541 110

97 3558 139 3620 Et
154 3557 279 3622 Cereale
294 3561 387 3622 solum
403 3561 496 3643 pomis
511 3562 678 3642 agrestibus
693 3569 815 3643 augent.

98 3641 266 3705 Consumtis
280 3645 328 3706 bic
344 3646 420 3707 forta
436 3645 511 3723 aliis,
527 3652 562 3706 ut
575 3657 693 3707 vertere
708 3667 823 3708 morsus

98 3725 246 3807 Exiguam
261 3729 292 3790 in
308 3727 450 3792 Cererem
466 3730 591 3812 penuria
606 3731 709 3812 adegit
724 3730 843 3808 edendi,
