2496 4334
392 284 396 290 '
415 295 575 344 marinos
597 298 663 344 ura.
686 298 748 345 ΧΠ.

61 447 148 521 Quae
164 455 257 514 totam
271 451 356 514 luctu
372 450 520 514 concussit
534 450 669 514 funditus
683 450 800 515 urbem.

61 534 181 616 Regina
194 542 230 598 ut
244 536 333 599 tectis
348 538 517 599 venientem
531 537 673 620 prospicit
686 537 813 617 hostem,
832 547 837 555 '

61 618 177 682 Incessi
191 641 303 700 muros,
317 622 403 703 ignes
418 622 457 684 ad
471 628 554 684 tecta
568 623 679 700 volare,

61 703 221 786 Nusquam
235 707 315 769 acies
331 713 435 769 contra
448 707 588 785 Rutulas,
604 707 687 769 nulla
701 707 821 789 agmina
835 708 929 773 Turni
941 729 951 788 3

61 788 172 851 Infelix
186 812 305 873 pugnae
315 792 460 874 juvenem
474 791 505 853 in
520 792 683 854 certamine
696 792 793 854 credit

61 871 263 952 Exstinctum,
281 881 323 954 et,
338 876 435 938 subito
449 882 580 938 mentem
595 876 715 938 turbata
730 877 842 957 dolore,

64 957 108 1020 Se
124 979 260 1022 caussam
275 963 385 1024 clamat
400 961 571 1042 crimenque
584 968 733 1043 caputque
749 964 904 1044 malorum,

60 1042 219 1126 Multaque
235 1067 290 1128 per
303 1052 451 1108 maestum
464 1045 586 1108 demens
601 1046 689 1108 effata
703 1046 844 1127 furorem,

60 1126 234 1211 Purpureos
248 1130 392 1193 moritura
405 1151 496 1192 manu
511 1129 651 1192 discindit
662 1130 799 1209 amictus,

61 1211 104 1273 Et
117 1213 228 1275 nodum
243 1215 374 1277 informis
388 1216 442 1277 leti
458 1215 541 1278 trabe
556 1216 651 1277 nectit
666 1216 703 1277 ab
719 1216 790 1278 alta.

61 1295 159 1368 Quam
175 1299 290 1362 cladem
304 1301 431 1362 miserae
446 1307 603 1382 postquam
619 1320 763 1383 accepere
779 1301 917 1384 Latinae,

59 1380 137 1444 Filia
151 1383 248 1466 prima
261 1406 352 1447 manu
365 1386 457 1448 flavos
472 1385 597 1447 Lavinia
612 1386 709 1448 crines

60 1467 103 1528 Et
116 1488 217 1530 roseas
230 1471 343 1532 laniata
358 1490 461 1552 genas,
478 1477 542 1532 tum
557 1476 660 1532 cetera
674 1471 788 1534 circum

59 1551 173 1631 Turba,
187 1554 279 1629 furit3
302 1560 443 1617 resonant
456 1556 518 1617 late
533 1556 724 1637 plangoribus
740 1555 842 1618 aedes.

59 1635 141 1698 Hinc
156 1644 250 1700 totam
264 1639 367 1701 infelix
377 1640 518 1720 vulgatur
532 1640 612 1701 fama
626 1661 681 1722 per
694 1641 810 1702 urbem.

59 1721 231 1784 Demittunt
244 1730 360 1786 mentes
374 1743 382 1799 ;
404 1725 429 1785 it
443 1725 535 1787 scissa
545 1731 628 1786 veste
644 1723 781 1804 Latinus,

60 1803 204 1888 Oonjugis
219 1809 361 1871 attonitus
376 1809 445 1871 fatis
460 1809 601 1890 urbisque
617 1810 715 1888 ruina,

61 1888 208 1952 Canitiem
221 1893 372 1955 immundo
388 1894 540 1976 pertusam
554 1895 677 1976 pulvere
693 1901 829 1976 turpans,

59 1974 218 2058 Multaque
234 1998 266 2040 se
280 1978 409 2056 incusat,
421 1980 473 2060 qui
486 1999 547 2040 non
562 1979 713 2061 acceperit
727 1984 797 2041 ante

59 2058 246 2122 Dardanium
260 2061 400 2140 Aenean,
416 2084 619 2144 generumque
635 2062 797 2126 adsciverit
810 2063 900 2125 ultro.

101 2143 225 2208 Interea
240 2154 372 2209 extremo
387 2147 514 2210 bellator
526 2148 558 2208 in
572 2168 701 2229 aequore
713 2147 832 2210 Turnus

58 2227 201 2293 Palantes
218 2232 353 2313 sequitur
368 2252 488 2314 paucos,
499 2233 564 2315 jam
579 2233 709 2314 segnior,
719 2238 810 2315 atque

58 2313 81 2375 J
82 2335 130 2375 am
143 2315 241 2378 minus
256 2323 346 2398 atque
362 2317 458 2379 minus
473 2337 614 2379 successu
628 2318 725 2379 laetus
740 2337 895 2400 equorum.

57 2397 172 2462 Attulit
186 2401 265 2462 hunc
277 2401 320 2462 illi
335 2402 432 2463 caecis
447 2401 608 2464 terroribus
624 2422 698 2463 aura

60 2482 258 2547 Oommixtum
273 2488 443 2564 clamorem,
459 2493 651 2567 arrectasque
666 2485 783 2568 impulit
798 2506 886 2548 aures

60 2566 209 2631 Confusae
221 2590 310 2632 sonus
325 2571 407 2632 urbis
423 2578 454 2632 et
468 2570 629 2633 illaetabile
643 2591 788 2632 murmur.

58 2652 121 2715 Hei
135 2655 206 2715 mihi
223 2653 230 2717 l
254 2654 326 2737 quid
341 2661 424 2717 tanto
439 2656 599 2717 turbantur
613 2655 730 2717 moenia
743 2656 839 2733 luctu,

59 2736 171 2808 Quisve
186 2738 247 2799 ruit
261 2746 363 2800 tantus
380 2738 499 2801 divorsa
514 2740 624 2801 clamor
639 2741 676 2800 ab
693 2738 792 2800 urbe?

59 2819 110 2884 Sic
127 2822 179 2901 ait,
195 2822 392 2904 adductisque
409 2844 511 2885 amens
526 2824 660 2886 subsistit
673 2822 808 2885 habenis.

56 2906 162 2988 Atque
177 2907 259 2984 huic,
274 2907 427 2970 infaciem
442 2928 524 2970 soror
539 2915 573 2969 ut
588 2895 733 2970 convers'a
747 2906 869 2969 Metisci

55 2991 194 3072 Aurigae
210 3011 391 3073 currumque
407 2999 438 3053 et
453 3013 545 3073 equos
561 2999 592 3053 et
604 2993 670 3054 lora
684 2993 821 3072 regebat,

56 3075 179 3138 Talibus
195 3076 326 3137 occurrit
341 3076 448 3139 dictis:
473 3077 554 3154 Hac,
570 3076 683 3153 Turne,
698 3095 860 3156 sequamur

56 3159 255 3241 Trojugenas,
269 3180 331 3240 qua
345 3161 442 3242 prima
456 3161 535 3222 viam
550 3160 676 3222 victoria
689 3160 815 3242 pandit:

58 3243 139 3306 Sunt
154 3244 214 3321 alii,
230 3245 282 3326 qui
297 3250 379 3306 tecta
393 3266 485 3306 manu
500 3244 663 3307 defendere
678 3244 802 3327 possint.

55 3328 178 3409 Ingruit
191 3328 315 3390 Aeneas
330 3328 416 3390 Italis
432 3335 463 3390 et
478 3329 590 3411 proelia
600 3330 717 3407 miscet,

56 3412 100 3474 Et
114 3433 167 3474 nos
182 3433 274 3474 saeva
287 3433 379 3474 manu
394 3414 546 3476 mittamus
561 3414 669 3476 funera
684 3413 820 3475 Teucris.

56 3496 126 3558 Nec
141 3517 264 3558 numero
279 3496 412 3576 inferior,
428 3518 547 3581 pugnae
563 3519 661 3580 neque
676 3496 939 3560 honorerecedes.

55 3581 177 3643 Turnus
193 3581 343 3643 adhaec:

55 3665 85 3727 0
102 3686 196 3743 soror,
211 3671 243 3726 et
258 3665 372 3728 dudum
387 3667 506 3748 agnovi,
522 3687 614 3748 quum
629 3665 724 3746 prima
737 3684 792 3745 per
807 3669 903 3726 artem

53 3749 195 3814 Foedera
209 3750 338 3812 turbasti
352 3757 443 3832 teque
459 3752 534 3813 haec
549 3751 581 3812 in
595 3750 675 3811 bella
690 3747 809 3826 dedisti,
