2496 4334
446 293 607 340 ABNEIDOS
629 293 695 340 ΠΒ.
718 295 752 340 V.

76 447 139 511 Hic
156 446 262 526 victor,
278 467 422 530 superans
437 447 553 525 animis,
568 453 715 529 tauroque
737 446 904 530 superbus:

78 532 161 595 Nate
177 531 246 611 dea,
261 554 372 615 vosque
388 533 474 609 haec,
490 533 598 615 inquit,
615 532 795 614 cognoscite,
811 531 932 609 Teucri,

80 617 122 680 Et
136 617 208 679 mihi
223 639 300 701 quae
315 618 428 679 fuerint
441 618 576 701 juvenali
591 618 621 679 in
637 638 759 700 corpore
774 618 864 696 vires,

80 702 122 765 Et
137 723 198 784 qua
212 704 337 765 servetis
352 710 524 765 revocatum
540 724 558 764 a
572 709 666 764 morte
682 702 807 765 Dareta.

80 787 176 864 Dixit,
192 794 223 850 et
240 787 356 850 adversi
372 795 476 849 contra
491 789 575 850 stetit
589 809 642 850 ora
651 788 785 870 juvenci,

81 871 140 945 Qui
156 873 266 934 donum
280 873 419 935 adstabat
433 894 551 955 pugnae
563 893 571 948 3
594 874 744 956 durosque
760 873 886 937 reducta

80 958 216 1020 libravit
231 956 337 1020 dextra
350 958 450 1020 media
464 958 543 1020 inter
557 979 668 1020 cornua
683 965 801 1020 caestus

79 1043 217 1119 Arduus,
233 1037 414 1125 effractoque
429 1042 510 1105 illisit
524 1044 555 1104 in
570 1064 637 1105 ossa
651 1043 784 1105 cerebro.

83 1127 246 1205 Sternitur,
261 1128 462 1209 exanimisque
478 1135 608 1190 tremens
623 1129 790 1210 procumbit
804 1128 887 1190 humi
901 1129 964 1191 bos.

80 1213 136 1275 Ille
152 1233 243 1295 super
258 1214 333 1275 tales
348 1213 473 1274 effundit
491 1220 611 1296 pectore
628 1234 733 1275 voces:

81 1298 170 1360 Hanc
187 1297 251 1376 tibi,
267 1297 362 1382 Eryx,
377 1299 529 1361 mehorem
544 1299 672 1361 animam
686 1320 740 1382 pro
754 1305 850 1361 morte
866 1297 988 1361 Daretis

80 1383 243 1446 Persolvo:
267 1383 315 1445 hic
331 1384 426 1445 victor
442 1391 559 1446 caestus
574 1391 728 1465 artemque
744 1405 865 1467 repone.

123 1467 272 1530 Protenus
286 1467 409 1530 Aeneas
424 1469 515 1531 celeri
530 1475 646 1530 certare
662 1469 773 1551 sagitta

79 1553 205 1631 Invitat,
221 1554 272 1636 qui
286 1553 363 1615 forte
379 1555 482 1632 velint,
499 1561 530 1616 et
544 1554 676 1636 praemia
691 1555 774 1636 ponit
787 1575 795 1631 ;

80 1638 262 1721 Ingentique
276 1659 367 1700 manu
381 1641 491 1701 malum
507 1640 544 1701 de
560 1660 636 1701 nave
654 1638 767 1701 Seresti

80 1722 181 1806 Erigit
194 1743 202 1799 ;
225 1730 257 1786 et
271 1724 422 1787 volucrem
436 1725 562 1807 trajecto
577 1725 608 1785 in
622 1724 694 1785 fune
710 1724 886 1805 columbam,

80 1809 147 1882 Quo
162 1809 289 1871 tendant
303 1811 426 1887 ferrum,
441 1810 518 1871 malo
533 1810 689 1892 suspendit
703 1810 740 1871 ab
756 1811 826 1872 alto.

80 1893 256 1957 Convenere
272 1894 339 1973 viri,
355 1895 561 1978 dejectamque
577 1916 667 1956 aerea
681 1902 790 1957 sortem

78 1979 211 2061 Accepit
226 1980 333 2061 galea3
357 1986 388 2041 et
402 1981 514 2062 primus
530 1981 657 2042 clamore
673 1980 803 2042 secundo

79 2064 268 2147 Hyrtacidae
284 2071 354 2126 ante
369 2085 471 2127 omnes
487 2065 548 2126 exit
562 2066 644 2126 locus
660 2063 893 2146 Hippocoontis3

80 2149 180 2222 Quem
193 2149 281 2211 modo
294 2151 392 2212 navali
408 2149 585 2212 Mnestheus
601 2150 762 2212 certamine
779 2150 873 2212 victor

80 2234 292 2317 Consequitur,
307 2234 395 2300 viridi
409 2234 586 2296 Mnestheus
602 2235 737 2297 evinctus
753 2235 840 2297 oliva.

78 2320 200 2382 Tertius
216 2319 375 2401 Eurytion,
390 2326 470 2398 tuus,
486 2341 503 2381 o
520 2320 691 2396 clarissime,
707 2320 812 2397 frater,

79 2404 232 2482 Pandare,
248 2404 299 2485 qui
314 2405 474 2487 quondam,
484 2407 586 2488 jussus
602 2405 784 2467 confundere
799 2403 916 2482 foedus,

79 2489 118 2552 In
132 2489 245 2551 medios
261 2490 353 2550 telum
368 2491 480 2551 torsisti
495 2491 606 2573 primus
621 2490 764 2551 Achivos.

79 2576 242 2637 Extremus
257 2575 402 2656 galeaque
417 2575 477 2636 ima
491 2576 625 2637 subsedit
638 2574 779 2651 Acestes,

79 2659 184 2722 Ausus
200 2659 307 2740 etipse
323 2681 413 2721 manu
423 2661 568 2742 juvenum
584 2666 701 2721 tentare
717 2660 857 2720 laborem.

79 2745 158 2807 [lum
172 2744 277 2806 vahdis
292 2745 382 2806 flexos
397 2745 555 2807 incurvant
570 2746 680 2806 viribus
696 2765 783 2806 arcus

79 2830 141 2892 Pro
157 2850 189 2892 se
205 2830 331 2912 quisque
347 2830 413 2907 viri,
430 2837 462 2890 et
477 2830 655 2912 depromunt
669 2831 730 2891 tela
745 2827 903 2911 pharetris.

80 2915 241 2996 Primaque
257 2936 312 2996 per
327 2916 442 2976 coelum
457 2936 549 2977 nervo
564 2915 709 2976 stridente
724 2915 835 2996 sagitta

80 2999 269 3082 Hyrtacidae
279 3000 399 3081 juvenis
415 3000 549 3061 volucres
565 3000 736 3061 diverberat
751 3018 839 3060 auras
853 3016 861 3073 ;

81 3085 123 3146 Et
137 3084 230 3161 venit,
245 3083 422 3167 adversique
437 3085 571 3166 infigitur
586 3085 690 3146 arbore
706 3083 785 3144 mali.

80 3169 242 3231 Intremuit
259 3170 365 3246 malus,
380 3169 536 3251 timuitque
552 3169 696 3230 exterrita
710 3167 814 3250 pennis

80 3254 167 3330 Ales,
184 3258 215 3314 et
229 3253 344 3333 ingenti
359 3261 523 3315 sonuerunt
537 3254 634 3315 omnia
649 3254 765 3334 plausu.

81 3338 155 3400 Post
170 3359 241 3400 acer
256 3337 432 3400 Mnestheus
448 3338 577 3400 adducto
593 3338 725 3401 constitit
739 3358 823 3414 arcu,

80 3423 156 3485 Alta
171 3429 287 3504 petens,
303 3423 475 3504 pariterque
490 3424 590 3485 oculos
606 3425 758 3505 telumque
773 3421 912 3483 tetendit.

80 3508 141 3570 Ast
154 3508 250 3590 ipsam
264 3508 450 3569 miserandus
465 3525 550 3569 avem
566 3509 738 3589 contingere
754 3507 834 3569 ferro

81 3592 151 3655 Non
168 3592 280 3668 valuit;
303 3593 395 3653 nodos
412 3599 443 3653 ct
457 3593 576 3654 vincula
591 3593 669 3654 linea
684 3592 775 3673 rupit,

81 3677 154 3751 Quis
170 3679 279 3739 innexa
292 3677 401 3759 pedem
415 3678 492 3739 malo
507 3677 656 3759 pendebat
672 3678 711 3751 ab„
724 3677 805 3737 alto:

80 3763 139 3826 Illa
154 3763 252 3826 Notos
267 3768 357 3844 atque
373 3768 439 3824 atra
453 3763 554 3824 volans
569 3762 600 3823 in
617 3762 718 3823 nubila
732 3760 819 3842 fugit.

427 3845 467 3908 15
