2496 4334
103 289 166 352 184
438 308 467 352 r.
490 306 633 353 mserum
657 306 802 353 unacum

105 459 178 522 Este
194 460 296 538 duces,
311 481 340 538 o,
355 460 380 522 si
395 479 455 542 qua
469 459 518 522 via
533 466 589 538 est,
606 480 784 542 cursumque
800 481 854 542 per
868 478 960 523 auras
1055 460 1057 465 ’
1087 479 1091 494 ·

105 544 233 626 Dirigite
247 545 279 606 in
293 546 386 624 lucos,
401 545 453 606 ubi
467 545 608 627 pinguem
623 544 705 608 dives
718 551 824 628 opacat

105 629 218 692 Remus
232 627 365 691 humum.
410 629 527 712 Tuque,
543 651 571 708 o,
586 630 683 692 dubiis
697 651 735 692 ne
751 630 846 692 defice
861 630 962 709 rebus,

104 713 184 776 Diva
198 735 316 797 parens.
363 713 413 778 Sic
430 715 535 777 effatus
549 715 676 796 vestigia
690 715 808 797 pressit,

106 798 287 877 Observans,
302 820 379 881 quae
393 799 479 881 signa
493 799 602 877 ferant,
618 820 677 881 quo
692 799 815 861 tendere
830 805 969 882 pergant.

105 884 268 946 Pascentes
282 885 350 946 illae
365 890 483 946 tantum
500 885 618 966 prodire
633 885 769 962 volando,

105 967 257 1041 Quantum
272 969 335 1031 acie
351 974 471 1051 possent
485 969 562 1030 oculi
577 990 696 1030 servare
712 975 899 1050 sequentum.

104 1053 180 1114 Inde
196 1054 247 1115 nbi
261 1074 369 1116 venere
385 1054 424 1115 ad
438 1054 541 1116 fauces
556 1055 754 1135 graveolentis
768 1053 896 1133 Averni,

105 1138 228 1200 Tollunt
241 1159 273 1200 se
289 1140 413 1217 celeres,
428 1138 633 1220 liquidumque
648 1159 702 1220 per
718 1140 789 1200 aera
803 1140 904 1222 lapsae

106 1221 233 1285 Sedibus
248 1224 355 1305 optatis
370 1223 488 1304 gemina
503 1243 593 1304 snper
607 1223 712 1284 arbore
727 1224 839 1303 sidunt,

104 1307 240 1370 Discolor
253 1308 333 1370 unde
349 1307 414 1369 auri
428 1328 483 1389 per
497 1328 594 1370 ramos
610 1328 683 1369 aura
697 1308 824 1371 refulsit.

104 1391 199 1465 Quale
215 1393 290 1455 solet
304 1392 383 1454 silvis
397 1393 523 1454 brumali
536 1392 648 1474 frigore
663 1393 776 1454 viscum

103 1476 222 1539 Fronde
237 1478 334 1540 virere
348 1498 435 1556 nova,
451 1477 531 1559 quod
544 1499 604 1539 non
619 1497 673 1538 sua
688 1477 813 1540 seminat
828 1481 925 1561 arbos,

104 1562 146 1624 Et
160 1582 264 1624 croceo
279 1561 344 1623 fetu
358 1568 469 1624 teretes
484 1561 669 1624 circumdare
684 1567 823 1626 truncos:

104 1646 184 1708 Talis
200 1652 265 1708 erat
280 1646 394 1729 species
409 1647 474 1709 auri
487 1646 652 1709 frondentis
667 1666 761 1728 opaca

103 1731 189 1808 Ilice,
205 1731 246 1792 sic
261 1731 320 1793 leni
337 1731 501 1814 crepitabat
515 1731 638 1793 bractea
653 1738 752 1794 vento.

105 1815 234 1899 Corripit
247 1816 370 1878 Aeneas
385 1816 542 1898 extemplo,
558 1816 721 1899 avidusque
737 1817 875 1898 refringit

105 1900 314 1979 Cunctantem,
330 1907 361 1963 et
376 1902 451 1963 vatis
466 1908 565 1983 portat
580 1901 634 1964 sub
650 1907 732 1963 tecta
748 1899 890 1984 Sibyllae.

145 1985 177 2047 N
179 2007 213 2048 ec
227 1987 324 2048 minus
338 1986 453 2048 interca
468 1986 619 2048 Misenum
632 1987 664 2048 in
677 1987 763 2048 litore
780 1988 888 2051 Teucri

14 2129 17 2132 ,
103 2071 240 2149 Flebant,
256 2078 287 2133 et
303 2071 396 2133 cineri
410 2071 527 2153 ingrato
542 2092 681 2153 suprema
694 2072 842 2136 ferebant.

103 2156 253 2238 Principio
267 2156 408 2239 pinguem
422 2155 518 2218 taedis
534 2162 565 2217 et
579 2157 683 2218 robore
698 2163 779 2218 secto

103 2241 262 2321 Ingentem
276 2246 411 2302 struxere
427 2260 543 2322 pyram,
560 2241 607 2302 cui
622 2241 774 2304 frondibus
790 2241 862 2304 atris

102 2325 247 2387 Intexunt
259 2327 366 2402 latera,
382 2331 413 2386 et
426 2325 534 2387 ferales
550 2331 618 2387 ante
634 2347 788 2408 cupressos

104 2409 304 2489 Constituunt,
320 2411 520 2492 decorantque
535 2431 625 2493 super
638 2411 820 2492 fulgentibus
835 2410 935 2474 armis.

102 2495 178 2558 Pa'rs
195 2495 303 2557 calidos
318 2496 422 2558 latices
438 2502 469 2556 et
483 2497 579 2557 ahena
593 2496 736 2557 undantia
750 2497 875 2559 flammis

102 2579 284 2663 Expediunt,
300 2602 466 2664 corpusque
481 2582 583 2642 lavant
596 2581 734 2661 frigentis
749 2587 781 2642 ct
795 2587 942 2663 unguunt.

101 2665 152 2727 Fit
166 2666 293 2747 gemitus
307 2686 315 2741 3
338 2673 401 2727 tum
415 2665 548 2728 membra
563 2672 626 2728 toro
642 2666 751 2728 defleta
765 2671 923 2748 reponunt,

101 2749 331 2833 Purpureasque
344 2772 434 2834 super
448 2756 558 2827 vestes,
573 2750 720 2812 velamina
734 2758 815 2830 nota,

103 2834 292 2918 Conjiciunt3
314 2857 382 2918 pars
396 2835 511 2917 ingenti
525 2835 641 2896 subiere
652 2836 774 2914 feretro,

101 2918 198 2982 Triste
213 2921 419 2998 ministerium,
435 2927 466 2982 et
481 2921 645 3002 subjectam
658 2941 740 2982 more
758 2925 915 3002 parentum

100 3003 210 3066 Aversi
226 3012 349 3066 tenuere
365 3006 471 3068 facem.
518 3004 668 3086 Congesta
682 3012 853 3068 cremantur

101 3090 201 3152 Turea
216 3090 303 3168 dona,
319 3090 421 3173 dapes,
436 3091 503 3152 fuso
518 3097 649 3152 crateres
664 3091 750 3152 olivo.

101 3174 264 3256 Postquam
280 3177 400 3257 collapsi
415 3176 540 3251 cineres
556 3181 587 3236 et
601 3176 719 3237 flamma
733 3175 857 3257 quievit,

100 3258 254 3340 Reliquias
269 3261 336 3321 vino
352 3266 383 3321 et
397 3261 527 3321 bibulam
537 3261 638 3322 lavere
653 3261 794 3338 favillam,

101 3342 236 3426 Ossaque
251 3345 331 3406 lecta
347 3344 421 3406 cado
437 3345 511 3406 texit
527 3343 700 3427 Corynaeus
716 3346 821 3407 aheno.

99 3429 186 3491 Idem
200 3435 247 3490 ter
262 3428 355 3491 socios
370 3450 446 3510 pura
461 3429 641 3491 circumtulit
655 3431 747 3508 unda,

100 3513 251 3596 Spargens
266 3523 340 3575 rore
349 3514 407 3576 levi
423 3520 454 3575 et
468 3535 549 3575 ramo
564 3514 659 3577 felicis
674 3516 779 3593 olivae,

98 3598 309 3679 Lustravitque
325 3600 414 3677 viros,
430 3599 562 3681 dixitque
578 3601 734 3662 novissima
754 3602 855 3662 verba.

96 3682 142 3744 Aa
157 3683 222 3765 pius
236 3683 358 3746 Aeneas
373 3685 488 3765 ingenti
501 3685 577 3746 mole
593 3686 762 3765 sepulcrum

96 3767 237 3850 Impunit,
253 3788 366 3850 suaque
382 3790 466 3832 arma
480 3769 553 3847 viro,
569 3790 754 3851 remumque,
771 3771 944 3854 tubamque,
