2496 4334
74 351 78 370 ἱ
146 278 209 343 218
484 292 514 337 r.
538 291 679 337 vrnurnn
701 290 845 337 nasonrs

146 449 316 512 Umbonum
332 450 429 509 crates
443 465 451 521 3
475 447 525 509 alii
539 448 677 509 thoracas
692 447 803 510 ahenos

146 534 212 596 Aut
226 536 307 596 leves
322 552 425 594 ocreas
439 533 519 594 lento
535 533 649 594 ducunt
664 539 789 614 argento
803 553 810 609 ;

146 619 285 683 Vomeris
299 619 358 680 huc
375 624 406 679 et
419 618 504 680 falcis
518 618 621 696 honos,
635 618 694 679 huc
710 619 804 680 omnis
822 618 914 680 aratri

148 703 245 767 Gessit
259 723 363 779 amor;
385 708 552 786 recoquunt
566 704 677 785 patrios
691 703 860 766 fornacibus
876 725 973 769 enses.

148 789 280 852 Classica
289 791 412 873 jamque
427 794 543 866 sonant,
558 789 582 850 it
597 789 674 851 bello
690 793 804 850 tessera
818 788 946 871 signum.

146 873 208 938 Hic
223 875 340 957 galeam
354 873 442 936 tectis
459 873 592 956 trepidus
607 874 696 956 rapit,
711 874 760 936 ille
775 875 937 938 frementes

147 960 197 1023 Ad
207 961 283 1043 juga
298 960 378 1042 cogit
393 980 495 1042 equos,
511 961 708 1043 clypeumque
724 981 855 1042 auroque
872 960 997 1024 trilicem

147 1046 284 1109 Loricam
298 1045 441 1121 induitur,
456 1046 575 1127 fidoque
591 1045 758 1127 accingitur
772 1065 854 1107 ense.

190 1132 318 1194 Pandite
333 1152 412 1193 nunc
428 1131 586 1209 Helicona,
603 1131 688 1208 deae,
705 1136 870 1213 cantusque
884 1139 1015 1211 movete,

147 1216 207 1289 Qui
220 1218 298 1279 bello
313 1216 403 1278 exciti
416 1237 515 1298 reges,
532 1237 608 1297 quac
625 1236 773 1297 quemque
788 1223 910 1278 secutae

148 1301 331 1386 Oomplerint
346 1322 464 1384 campos
479 1301 569 1379 acies,
585 1301 691 1384 quibus
706 1301 786 1362 Itala
795 1301 859 1384 jam
873 1307 938 1367 tum

146 1387 297 1450 Horaerit
311 1393 392 1449 terra
407 1387 484 1449 alma
496 1386 577 1464 viris,
593 1387 700 1468 quibus
716 1387 823 1459 arserit
834 1388 923 1449 armis
936 1407 944 1462 3

148 1473 189 1535 Et
203 1472 376 1535 meministis
391 1473 480 1550 enim,
493 1472 591 1551 divae,
607 1478 638 1533 et
653 1492 816 1533 memorare
831 1473 955 1554 potestis
969 1492 978 1549 3

146 1558 199 1620 Ad
214 1580 267 1620 nos
282 1558 331 1620 vix
350 1557 448 1620 tenuis
462 1557 559 1619 famae
575 1557 740 1638 perlabitur
754 1577 838 1619 aura.

190 1643 309 1706 Primus
325 1643 381 1705 init
394 1643 504 1705 bellum
519 1643 682 1726 Tyrrhenis
697 1663 785 1724 asper
799 1642 837 1704 ab
852 1641 910 1704 oris

148 1726 343 1810 contemptor
357 1728 458 1790 divum
471 1728 652 1806 Mezentius,
667 1727 845 1810 agminaque
861 1732 968 1789 armat.

146 1812 240 1875 Filius
254 1814 323 1876 huic
334 1815 424 1897 juxta
438 1813 566 1892 Lausus,
581 1835 640 1896 quo
655 1813 806 1896 pulchrior
821 1814 897 1874 alter

147 1897 218 1960 Non
232 1898 301 1978 fuit,
317 1905 442 1981 excepto
457 1898 617 1962 Laurentis
633 1919 755 1981 corpore
771 1897 875 1960 Turni.

146 1983 274 2062 Lausus,
291 2005 402 2065 equum
416 1983 542 2047 domitor
557 1984 779 2066 debellatorque
794 1983 938 2063 ferarum,

147 2068 240 2132 Ducit
253 2068 398 2154 Agyllina
408 2069 610 2152 nequidquam
624 2091 662 2131 ex
675 2069 750 2131 urbe
765 2075 883 2132 secutos

147 2154 232 2217 Mille
247 2155 336 2234 viros,
352 2154 471 2236 dignus,
487 2155 590 2238 patriis
606 2155 657 2237 qui
670 2154 778 2216 laetior
792 2160 872 2217 esset

147 2239 296 2321 Imperiis,
312 2247 344 2301 et
359 2241 407 2302 cui
422 2246 509 2322 pater
522 2240 603 2301 haud
618 2239 787 2302 Mezentius
801 2245 891 2302 esset.

190 2323 263 2386 Post
276 2325 329 2387 hos
344 2324 490 2406 insignem
505 2326 604 2407 palma
618 2346 672 2407 per
687 2325 822 2407 gramina
836 2345 956 2387 currum

146 2409 345 2492 Victoresque
361 2416 491 2473 ostentat
506 2431 598 2492 equos
613 2417 695 2472 satus
710 2411 845 2472 Hercule
862 2411 985 2492 pulchro

146 2494 276 2557 Pulcher
290 2494 470 2574 Aventinus,
487 2497 650 2578 clypeoque
666 2496 783 2578 insigne
799 2502 957 2578 paternum

147 2578 277 2642 Centum
292 2601 405 2662 angues
421 2581 607 2663 cinctamque
624 2581 702 2662 gerit
716 2581 904 2664 serpentibus
918 2578 1058 2663 Hydram
1072 2603 1080 2655 ;

147 2664 237 2728 Collis
251 2664 396 2728 Aventini
411 2667 484 2728 silva
498 2688 588 2748 quem
604 2667 689 2727 Rhea
704 2667 843 2728 sacerdos

145 2750 302 2812 Furtivum
317 2758 406 2833 partu
421 2752 475 2813 sub
490 2752 608 2813 luminis
624 2752 718 2813 edidit
732 2772 810 2831 oras,

146 2835 243 2898 Mixta
259 2836 314 2898 deo
329 2837 446 2914 mulier,
461 2843 617 2919 postquam
632 2836 796 2899 Laurentia
810 2837 915 2915 victor,

147 2919 287 3004 Geryone
303 2922 460 2998 exstincto,
476 2921 650 3004 Tirynthius
666 2923 765 3004 attigit
780 2943 863 3000 arva,

146 3005 361 3089 Tyrrhenoque
375 3007 466 3069 boves
480 3007 511 3068 in
526 3007 645 3069 flumine
660 3008 734 3069 lavit
749 3008 864 3070 Iberas.

146 3090 213 3153 Pila
226 3113 317 3153 manu
331 3113 495 3175 saevosque
511 3099 620 3175 gerunt
634 3093 665 3153 in
679 3094 758 3155 bella
773 3094 904 3171 dolones,

147 3177 188 3237 Et
202 3178 291 3239 tereti
307 3185 442 3260 pugnant
456 3200 597 3240 mucrone
613 3200 745 3261 veruque
764 3177 892 3241 Sabello.
1136 3199 1184 3248 665

146 3259 216 3341 Ipse
232 3262 335 3342 pedes,
350 3268 493 3344 tegumen
509 3271 651 3346 torquens
666 3264 793 3326 immane
811 3264 915 3343 leonis,

146 3344 283 3408 Terribili
296 3347 447 3429 impexum
461 3355 537 3425 seta,
553 3370 622 3410 cum
636 3349 773 3412 dentibus
789 3350 874 3428 albia,

145 3430 276 3494 Indutus
293 3432 394 3514 capiti,
410 3432 452 3494 sic
467 3434 553 3515 regia
567 3440 649 3496 tecta
664 3435 793 3511 subibat,

146 3516 307 3596 Horridus,
322 3518 534 3600 Herculeoque
549 3520 688 3582 humeros
703 3521 828 3582 innexus
843 3520 966 3582 amictu.

188 3602 266 3664 Tum
282 3604 392 3685 gemini
406 3605 515 3666 fratres
531 3604 666 3667 Tiburtia
680 3606 796 3668 moenia
809 3605 959 3688 linquunt,
1136 3623 1183 3672 670

145 3686 261 3750 Fratris
276 3690 392 3751 Tiburti
405 3690 518 3754 dictam
533 3692 707 3772 cognomine
723 3698 856 3773 gentem,

147 3770 331 3856 Catillusque
346 3796 475 3857 acerque
492 3775 596 3853 Coras,
611 3774 729 3858 Argiva
738 3779 893 3860 juventus,
