2496 4334
461 295 622 344 AENEIDOS
647 296 713 343 LIB.
735 296 783 344 XI.

438 701 475 770 A
492 702 523 771 E
541 701 577 772 N
595 703 627 771 E
644 701 664 771 Ι
682 702 716 771 D
735 703 768 772 Ο
786 704 810 774 S

442 880 555 934 urana
572 880 803 935 uunnciuus.
822 954 826 961 ‚

102 1035 262 1098 Oceanum
278 1035 394 1098 interea
408 1055 554 1132 surgens
548 1034 670 1098 Aurora
684 1034 826 1116 reliquit·

100 1120 232 1199 Aeneas,
245 1140 425 1202 quamquam
440 1126 472 1182 et
485 1119 572 1183 sociis
587 1119 660 1182 dare
675 1127 793 1202 tempus
808 1120 964 1184 humandis

100 1203 305 1286 Praecipitant
319 1224 420 1301 curae,
435 1194 614 1284 turbataque
630 1204 736 1266 funere
751 1225 834 1266 mens
850 1210 908 1283 est,

100 1288 182 1350 Vota
197 1289 287 1350 deum
301 1289 396 1371 primo
411 1288 506 1349 victer
520 1289 653 1350 solvebat
667 1289 740 1350 Eoo.

99 1372 259 1454 Ingentem
274 1393 418 1453 quercum
432 1372 539 1434 decisis
553 1372 685 1453 undique
700 1371 791 1434 ramis

101 1456 261 1518 Constituit
275 1458 399 1534 tumulo,
411 1457 616 1538 fulgentiaque
631 1457 729 1518 induit
743 1476 838 1532 arma,

99 1539 231 1602 Mezenti
246 1541 329 1603 ducis
345 1541 477 1618 exuvias,
489 1541 554 1618 tibi,
564 1561 684 1622 magne,
698 1546 865 1622 tropaeum,

99 1624 282 1707 Bellipotens
295 1645 304 1700 ;
327 1631 411 1707 aptat
424 1631 559 1687 rorantes
574 1625 719 1706 sanguine
738 1625 854 1699 cristas,

99 1708 231 1790 Telaque
246 1714 353 1771 trunca
368 1709 424 1771 viri
439 1716 471 1771 et
484 1709 529 1772 bis
544 1729 598 1771 sex
611 1711 736 1772 thoraca
750 1708 878 1791 petitum

98 1792 330 1875 Perfossumque
345 1793 428 1871 locis,
438 1795 636 1877 clypeumque
651 1815 689 1856 ex
703 1813 773 1856 aere
788 1792 925 1856 sinistrae

101 1877 248 1959 Subligat,
264 1884 354 1960 atque
370 1898 472 1940 ensem
486 1879 561 1940 collo
576 1878 730 1960 suspendit
744 1878 900 1940 eburnam.

99 1962 176 2024 Tum
190 1962 283 2025 socios
294 1996 338 2008 -
347 1982 476 2044 namque
491 1963 584 2025 omnis
600 1983 667 2023 euru
682 1963 792 2044 stipata
807 1961 931 2042 tegebat

99 2047 200 2108 Turba
214 2046 324 2108 ducum
334 2047 430 2109 -sic
445 2046 589 2128 iucipiens
603 2046 740 2108 hortatur
754 2051 898 2108 evantes:

99 2129 233 2193 Maxima
246 2151 295 2193 res
310 2131 426 2209 effecta,
441 2130 517 2193 viri:
541 2131 628 2192 timor
642 2130 736 2192 omnis
751 2130 865 2207 abesto,

100 2213 187 2286 Quod
202 2220 339 2296 superest
351 2235 360 2290 ;
383 2216 458 2277 haec
473 2220 543 2276 sunt
557 2215 650 2297 spolia
665 2221 697 2276 et
711 2213 749 2277 de
763 2233 837 2296 rege
852 2210 979 2296 superbe

99 2299 264 2378 Primitiae,
279 2299 472 2381 manibusque
487 2299 560 2361 meis
576 2299 743 2360 Mezentius
756 2298 804 2360 hic
821 2303 877 2360 est.

99 2383 190 2445 Nunc
206 2384 264 2444 iter
278 2383 316 2445 ad
332 2405 435 2481 regem
448 2384 532 2445 nobis
546 2404 704 2464 murosque
720 2382 852 2444 Latinos.

98 2467 196 2529 Arma
210 2474 314 2549 parate
328 2468 443 2545 animis,
459 2474 491 2529 et
505 2488 556 2549 spe
572 2466 751 2564 praesumite
767 2466 889 2543 bellum,

101 2551 151 2613 Ne
168 2572 227 2633 qua
240 2573 323 2614 mera
336 2553 465 2649 ignaros,
477 2552 528 2613 ubi
542 2551 669 2633 primum
680 2549 828 2613 vedere
805 2570 891 2630 signa

97 2635 272 2698 Adnuerint
285 2658 385 2718 superr
375 2637 566 2718 pubemque
583 2636 711 2698 educere
726 2655 777 2696 cas
778 2634 844 2711 tris,

99 2719 259 2802 Impediat,
275 2741 419 2802 seguesve
434 2726 517 2782 metu
531 2721 680 2782 sententia
695 2719 805 2781 tardet.

99 2804 222 2866 Interea
237 2805 329 2866 socies
344 2805 556 2886 inhumataque
569 2825 693 2886 corpora
704 2810 803 2864 terrae

99 2889 353 2970 Mandemus,qu1
343 2889 446 2951 solus
460 2888 552 2950 henos
566 2888 740 2951 Acheronte
756 2885 832 2949 sub'
824 2906 883 2948 1m0
898 2889 955 2947 est.

100 2973 218 3050 Ite,t
176 2974 218 3034 ait
220 2974 381 3070 ,egregias
396 2972 508 3034 animas
512 2993 608 3055 ,quae
624 2973 767 3054 sanguine
782 2970 865 3034 nobis

100 3020 257 3118 Hairct
205 3064 257 3138 pat
257 3059 330 3119 riam
346 3078 489 3140 peperere
504 3077 568 3134 suo,
580 3057 720 3119 decorate
722 3055 880 3153 supremis

100 3141 296 3216 Muneribus;
318 3148 520 3224 maestamque
536 3141 671 3204 Evandri
685 3140 797 3222 primus
812 3138 851 3201 ad
866 3137 972 3200 urbem

100 3225 206 3286 Μιιιιι
162 3231 244 3286 tatur
258 3225 358 3288 Pallas
361 3247 470 3307 ,quem
485 3247 545 3287 nen
556 3226 673 3288 virtutis
689 3230 827 3306 egentem

100 3310 181 3370 Abst
181 3310 235 3370 ulit
223 3316 315 3373 tetra
330 3309 393 3372 dies
408 3316 440 3372 et
453 3310 558 3372 funere
570 3310 672 3373 mersit
660 3309 802 3372 tacerbo.

146 3392 254 3455 Sict
212 3414 240 3455 a1
241 3393 456 3492 tillacrymans
470 3395 636 3476 recipitque
651 3394 690 3456 ad
700 3394 802 3456 limina
816 3410 964 3473 gressum,
1085 3464 1087 3469 ³

103 3476 217 3559 Corpus
232 3479 283 3540 ubi
298 3479 424 3540 exanimi
438 3479 515 3560 posit
515 3501 565 3539 um
580 3479 724 3540 Pallantis
739 3478 838 3540 Acoet
825 3482 871 3538 tes

104 3560 251 3623 Servabat
238 3563 372 3641 tseni0r‚
388 3584 439 3645 qur
430 3563 613 3625 Parrhasio
629 3563 768 3624 Evandro

100 3645 244 3728 Armiger
259 3654 327 3709 ante
297 3649 399 3709 tefuit
386 3649 476 3726 t,sed
490 3669 549 3710 non
563 3648 697 3710 felicibus
713 3663 808 3726 aeque

101 3731 179 3793 Tum
194 3752 291 3794 comes
307 3733 445 3816 auspiciis
460 3753 529 3796 caro
544 3733 631 3795 datus
646 3732 709 3794 ibat
723 3730 851 3792 alumno.
