2496 4334
96 276 159 338 142
423 293 452 338 r.
474 293 616 338 vraormr
641 292 786 338 ursonis

96 446 196 527 Perge
210 465 219 521 ;
242 465 361 526 sequar.
407 445 484 507 Tum
499 446 541 508 sic
557 445 676 528 excepit
690 445 774 527 regia
787 445 809 507 J
810 466 868 507 uno
881 468 889 508 τ

96 531 220 593 Mecum
235 530 291 591 crit
305 530 361 591 iste
376 532 468 592 labor.
515 531 606 593 Nunc
622 551 682 613 qua
696 531 821 610 ratione,
837 533 917 614 quod
931 532 1033 611 instat,
1089 555 1135 603 115

98 615 231 678 Confieri
245 615 347 697 possit,
363 616 477 697 paucis,
493 616 629 694 adverte,
646 615 767 678 docebo.

99 698 252 764 Venatum
265 701 388 762 Aeneas
402 721 522 782 unaque
537 701 703 762 miserrima
716 700 796 763 Dido

99 785 136 846 In
151 806 255 847 nemus
271 785 315 847 ire
330 792 448 867 parant,
464 786 514 846 ubi
529 786 638 868 primos
654 786 801 848 crastinus
817 792 899 850 ortus

99 871 251 932 Extulerit
266 870 366 948 Titan,
381 870 532 953 radiisque
548 871 692 932 retexerit
706 871 816 932 orbem.

97 956 156 1018 His
172 976 227 1037 ego
242 955 411 1036 nigrantem
427 956 584 1017 commixta
600 955 745 1036 grandine
760 957 902 1035 nimbum,

97 1041 180 1103 Dum
195 1040 347 1122 trepidant
361 1041 438 1118 alae,
455 1041 607 1123 saltusque
622 1040 761 1122 indagine
778 1042 912 1123 cingunt,

97 1126 237 1207 Desuper
251 1125 416 1203 infundam,
432 1131 464 1186 et
478 1126 590 1186 tonitru
605 1125 720 1187 coelum
735 1147 819 1187 omne
835 1127 929 1189 ciebo.

97 1210 265 1291 Diffugient
280 1210 412 1287 comites,
428 1216 460 1271 et
473 1217 560 1271 nocte
576 1216 716 1291 tegentur
731 1231 844 1292 opaca:

100 1294 281 1378 Speluncam
295 1294 374 1356 Dido
390 1294 451 1356 dux
466 1301 497 1356 et
512 1295 657 1377 Trojanus
673 1295 808 1357 eamdem
887 1328 890 1335 ·

98 1380 278 1442 Devenient.
322 1379 438 1457 Adero,
454 1388 496 1457 et,
508 1385 561 1441 tua
575 1379 599 1441 si
614 1380 685 1440 mihi
700 1386 784 1441 certa
798 1381 947 1461 voluntas,

100 1465 253 1528 Connubio
264 1466 391 1549 jungam
406 1465 514 1543 stabili,
529 1465 737 1548 propriamque
754 1465 868 1527 dicabo.

99 1547 160 1613 Hic
176 1550 373 1634 Hymenaeus
388 1550 455 1611 erit.
501 1550 572 1612 Non
584 1550 743 1612 adversata
757 1551 871 1631 petenti

99 1634 228 1713 Annuit,
245 1644 335 1717 atque
351 1635 425 1697 dolis
440 1635 506 1697 risit
521 1634 674 1718 Cytherea
687 1635 825 1717 repertis.

145 1718 299 1783 Oceanum
314 1720 430 1782 interea
444 1741 571 1802 surgens
584 1720 706 1782 Aurora
720 1720 871 1802 relinquit.

100 1806 132 1868 It
147 1805 239 1888 portis
249 1805 357 1888 jubare
373 1812 474 1868 exorto
491 1806 608 1868 delecta
617 1807 761 1888 juventus
775 1825 784 1881 ;

100 1891 192 1954 Retia
206 1911 285 1969 rara,
301 1891 419 1973 plagae,
434 1892 494 1953 lato
509 1892 659 1953 venabula
673 1891 763 1969 ferro,

101 1976 288 2060 Massylique
305 1982 396 2037 ruunt
411 1977 538 2058 equites,
553 1983 585 2038 et
598 1977 689 2038 odora
704 1997 811 2038 canum
825 1976 881 2038 vis.

101 2062 251 2143 Reginam
265 2062 395 2123 thalamo
411 2068 602 2124 cunctantem
618 2062 657 2124 ad
670 2061 771 2123 limina
785 2061 872 2143 primi

101 2147 271 2209 Poenorum
287 2153 462 2229 exspectant
475 2167 483 2222 ;
507 2154 645 2229 ostroque
660 2147 783 2228 insignis
799 2153 830 2208 et
844 2167 917 2209 auro

103 2231 171 2295 Stat
186 2232 314 2313 sonipes,
330 2252 365 2294 ac
380 2233 486 2294 fraena
499 2232 583 2294 ferox
597 2232 765 2314 spumantia
779 2232 904 2294 mandit.

101 2316 234 2378 Tandem
248 2317 448 2399 progreditur,
463 2338 572 2399 magna
586 2318 715 2400 stipante
731 2323 863 2396 caterva,

103 2400 254 2465 Sidoniam
269 2402 348 2484 picto
363 2403 551 2486 chlamydem
566 2403 750 2465 circumdata
763 2402 862 2464 limbo.

102 2486 160 2549 Cui
174 2489 318 2570 pharetra
333 2508 371 2549 ex
386 2508 469 2565 auro,
487 2488 583 2550 crines
598 2488 747 2550 nodantur
761 2488 792 2548 in
810 2507 927 2567 amum,

100 2572 207 2635 Aurea
220 2593 402 2655 purpuream
416 2573 566 2636 subnectit
580 2574 671 2635 fibula
683 2580 808 2635 vestem.

102 2658 169 2720 Nec
184 2679 243 2719 non
258 2665 289 2719 et
304 2657 430 2741 Phrygii
445 2659 578 2736 comites,
594 2665 625 2720 et
640 2660 736 2720 laetus
751 2659 847 2736 Iulus,

102 2743 262 2805 Incedunt.
307 2743 377 2826 Ipse
393 2750 462 2805 aute
479 2744 550 2815 alios
565 2744 781 2825 pulcherrimus
795 2763 896 2806 omnes

102 2827 200 2889 Infert
215 2849 246 2889 se
263 2829 374 2890 socium
389 2828 523 2907 Aeneas,
539 2834 629 2910 atque
646 2829 765 2909 agmina
774 2828 886 2910 jungit.

103 2911 205 2985 Qualis
220 2913 271 2973 ubi
285 2913 440 2975 hibernam
455 2913 580 2996 Lyciam
594 2913 769 2995 Xanthique
784 2914 896 2976 fluenta

101 2997 234 3076 Deserit,
248 3018 283 3060 ac
298 2997 409 3059 Delum
423 3005 590 3061 maternam
603 2999 704 3061 invisit
718 2998 839 3080 Apollo,

102 3083 315 3164 Instauratque
332 3083 446 3162 choros,
461 3085 605 3166 mixtique
621 3085 727 3146 altaria
739 3084 851 3146 circum

103 3167 269 3249 Cretesque
285 3167 483 3250 Dryopesque
499 3170 641 3247 fremunt,
657 3170 789 3251 pictique
804 3167 972 3252 Agathyrsi
985 3187 993 3243 ;

102 3252 172 3334 Ipse
183 3252 265 3335 jugis
282 3250 394 3335 Cynthi
409 3254 556 3334 graditur,
571 3255 710 3336 mollique
726 3256 867 3315 fluentem

102 3337 221 3400 Fronde
237 3338 346 3419 premit
361 3337 473 3399 crinem
487 3340 615 3420 fingens,
631 3346 721 3421 atque
737 3339 870 3420 implicat
883 3357 955 3400 auro
969 3359 978 3415 3

102 3423 177 3486 Tela
191 3427 298 3484 sonant
311 3422 452 3484 humeris.
497 3423 591 3485 Haud
605 3424 655 3486 illo
669 3424 788 3506 segnior
801 3424 864 3486 ibat

102 3509 225 3570 Aeneas
238 3527 246 3583 ;
269 3513 385 3568 tantum
401 3508 523 3589 egregio
538 3508 630 3570 decus
646 3510 739 3571 enitet
753 3529 814 3571 ore.

102 3593 267 3675 Postquam
282 3594 358 3654 altos
375 3599 496 3654 ventum
510 3594 541 3654 in
555 3601 671 3656 montes
686 3601 776 3676 atque
791 3593 872 3656 invia
885 3593 991 3672 lustra,

104 3677 185 3740 Ecce
200 3679 294 3757 ferae,
310 3678 373 3740 saxi
389 3679 523 3760 dejectae
539 3679 663 3756 vertice,
679 3699 788 3762 caprae

103 3763 273 3826 Decurrere
283 3764 367 3847 jugis
381 3783 389 3840 ;
412 3764 470 3827 aha
483 3763 520 3826 dc
536 3771 622 3847 parte
637 3770 776 3847 patentes
