2496 4334
432 308 461 354 r.
486 308 628 369 vincum
650 305 795 352 umoris

140 463 191 527 Sic
207 461 330 526 canibus
346 462 460 524 catulos
475 461 596 541 similes,
612 460 654 524 sie
669 461 814 524 matribus
829 461 954 524 haedos·

138 550 255 613 Noram
268 568 276 623 ;
299 549 341 610 sic
357 548 457 630 parvis
473 569 650 630 componere
665 568 776 629 magna
790 548 930 609 solebam.

139 636 257 700 Verum
270 635 346 696 haec
362 641 480 696 tantum
495 633 567 695 alias
582 634 661 695 inter
677 640 768 716 caput
783 634 890 695 extulit
904 633 1006 712 arbee,
1110 650 1142 698 25

140 721 293 796 Quantum
307 720 390 782 lenta
405 721 501 781 solent
515 719 595 781 inter
609 719 737 781 viburna
752 719 895 801 cupressi.

183 806 247 869 Me.
265 806 307 867 Et
322 827 399 887 quae
416 811 501 867 tanta
515 805 574 866 fuit
589 805 716 867 Romam
731 805 785 866 tibi
801 826 908 866 caussa
922 803 1044 866 videndi
1057 801 1071 864 ‘3

187 892 234 955 Pi.
252 891 410 954 Libertas:
436 912 515 974 quae
531 912 610 969 sera,
626 897 727 952 tamen
742 891 875 973 respexit
888 891 1017 952 inertem
1031 910 1038 965 ;

142 977 304 1042 Candidior
318 983 476 1060 postquam
491 977 627 1039 tondenti
641 977 736 1038 barba
751 976 879 1038 cadebat
892 997 900 1052 ;

140 1064 287 1147 Respexit
302 1069 413 1141 tamen,
430 1068 460 1125 et
474 1064 563 1144 longo
578 1069 645 1145 post
660 1070 793 1144 tempore
810 1063 902 1141 venit,
1113 1081 1144 1127 30

140 1151 305 1232 Postquam
319 1169 373 1211 nos
387 1148 552 1232 Amaryllis
567 1149 670 1228 habet,
687 1147 816 1210 Galatea
838 1148 969 1231 reliquit.

141 1236 294 1318 Namque,
309 1234 427 1296 fatebor
442 1235 532 1313 enim,
548 1234 620 1295 dum
634 1255 682 1295 me
700 1232 828 1296 Galatea
842 1235 977 1313 tenebat,

141 1322 209 1385 Nec
225 1343 293 1404 spes
308 1320 455 1382 libertatis
471 1327 547 1398 erat,
562 1340 619 1381 nec
635 1341 708 1381 cura
730 1319 839 1402 peculi.

143 1407 285 1481 Quamvis
299 1407 395 1468 multa
408 1406 482 1468 meis
499 1406 594 1468 exiret
609 1405 731 1467 victima
746 1406 869 1488 saeptiS,

141 1493 269 1576 Pinguis
285 1498 316 1554 et
330 1492 467 1574 ingratae
483 1498 672 1576 premeretur
687 1513 793 1554 caseus
807 1492 894 1554 urbi:
1112 1509 1143 1556 35

142 1579 214 1642 Non
228 1599 361 1660 unquam
376 1578 476 1660 gravis
492 1599 562 1640 acre
578 1578 698 1639 domum
712 1579 784 1639 mihi
800 1579 907 1640 dextra
928 1575 1056 1638 redibat.

185 1664 249 1727 Me.
266 1663 413 1743 Mirabar,
429 1664 501 1746 quid
516 1669 632 1726 maesta
646 1664 729 1743 deos,
744 1662 905 1748 Amarylli,
921 1683 1045 1726 vocares
1059 1682 1067 1739 ;

145 1749 201 1814 Oui
216 1749 348 1834 pendere
364 1771 419 1812 sua
433 1750 579 1832 patereris
594 1749 626 1810 in
641 1749 746 1811 arbore
762 1771 860 1832 poma.

143 1837 266 1920 Tityrus
281 1835 349 1897 binc
366 1835 501 1915 aberat„
528 1835 617 1918 Ipsae
633 1840 676 1914 te,
692 1836 808 1919 Tityre,
830 1835 929 1918 pinuS,

143 1922 207 2006 Ipsi
221 1928 252 1984 te
267 1921 376 1999 fontes,
391 1921 456 2004 ipsa
470 1920 545 1983 haec
562 1922 685 2004 arbusta
699 1921 856 1983 vocabant.
1114 1938 1145 1984 lo

191 2007 238 2069 Pi.
256 2005 335 2079 Quid
350 2005 508 2069 facerem?
552 2006 662 2090 Neque
679 2007 799 2069 servitio
813 2028 861 2069 me
878 2007 958 2070 exire
980 2007 1102 2085 licebat,

143 2094 211 2157 Nee
226 2099 290 2156 tam
303 2099 478 2175 praesentes
493 2092 563 2155 alibi
579 2114 758 2174 cognoscere
775 2093 869 2155 divos.

143 2180 205 2242 Hic
220 2180 303 2241 illum
318 2179 379 2241 vidi
388 2179 544 2262 juvenem,
559 2178 720 2257 Meliboee,
736 2179 895 2261 quotannis
987 2249 988 2253 Ἰ

144 2266 198 2327 Bis
213 2285 299 2327 senos
315 2265 364 2326 cui
378 2270 481 2326 nostra
496 2264 560 2327 dies
576 2264 682 2327 altaria
703 2264 830 2327 fumant.
997 2259 1004 2271 '

143 2351 204 2413 Hic
220 2351 291 2412 mihi
303 2371 478 2432 responsum
493 2350 606 2432 primus
622 2350 706 2412 dedit
720 2351 769 2412 ille
787 2351 921 2432 petenti:
1114 2371 1148 2418 45

144 2437 264 2499 Pascite
280 2441 315 2498 ut
329 2441 399 2498 ante
413 2437 517 2514 boves,
533 2436 618 2518 pueri
632 2457 639 2512 ;
664 2436 828 2498 submittite
845 2443 957 2499 tauros.

186 2521 250 2585 Me.
266 2522 432 2605 Fortunate
449 2543 551 2601 senex,
568 2543 640 2604 ergo
656 2530 709 2584 tua
723 2544 795 2585 rura
809 2521 993 2586 manebunt!

144 2609 186 2670 Et
201 2609 254 2670 tibi
268 2629 379 2690 magna
394 2608 465 2670 satis
480 2629 487 2683 ;
511 2609 646 2691 quamvis
660 2608 736 2690 lapis
752 2609 850 2670 omnia
863 2609 963 2671 nudus

145 2694 322 2775 Limosoque
338 2695 423 2775 palus
439 2694 569 2756 obducat
584 2715 696 2775 pascua
707 2695 811 2776 junco.

145 2779 216 2841 Non
230 2780 349 2840 insueta
364 2799 471 2860 graves
487 2779 647 2841 tentabunt
661 2780 771 2861 pabula
785 2780 875 2859 fetas,
1117 2798 1150 2846 50

144 2865 212 2927 Nee
227 2866 307 2927 mala
322 2864 411 2926 vicini
425 2865 542 2946 pecoris
558 2866 697 2946 contagia
711 2865 844 2927 laedent.

144 2951 310 3013 Fortunate
326 2970 429 3028 senex,
444 2950 504 3028 hic,
520 2950 599 3012 inter
612 2951 735 3012 flumina
748 2958 821 3014 nota

146 3037 187 3099 Et
201 3036 299 3098 fontes
311 3056 422 3114 sacrm,
438 3036 534 3118 frigus
550 3037 683 3118 captabis
698 3035 844 3120 opacum!

72 3191 78 3201 x
144 3122 227 3184 Hinc
242 3122 307 3200 tibi,
323 3143 400 3204 quae
416 3143 545 3204 semper,
561 3123 657 3184 vicino
673 3124 710 3185 ab
725 3124 830 3202 limite,
847 3143 952 3204 saepes

145 3207 293 3291 Hyblaeis
309 3208 413 3289 apibus
428 3208 531 3269 florem
546 3208 672 3290 depasta
687 3210 794 3287 salicti,
1117 3228 1150 3275 55
1169 3239 1173 3244 ·

148 3292 246 3375 Saepe
261 3293 321 3354 levi
336 3314 471 3355 somnum
486 3293 624 3355 suadebit
638 3295 713 3357 inire
729 3315 871 3358 susurro:

145 3379 227 3441 Hine
244 3380 305 3440 alta
320 3379 374 3440 sub
390 3400 464 3461 rupe
481 3386 570 3441 canet
584 3379 739 3443 frondator
754 3381 793 3443 ad
809 3400 897 3441 auras
912 3400 920 3455 ;

146 3465 214 3527 Nec
230 3470 332 3526 tamen
346 3465 463 3527 interea
477 3472 668 3544 raucae,tua
683 3488 767 3546 cura,
782 3465 948 3548 palumbes,

146 3551 214 3612 Nec
231 3571 351 3632 gemere
367 3551 449 3613 atria
464 3552 593 3613 cessabit
608 3559 709 3614 turtur
724 3553 761 3615 ab
776 3554 866 3614 ulmo.

193 3636 239 3697 rt.
256 3635 340 3698 Ante
355 3637 438 3698 leves
454 3658 526 3718 ergo
541 3646 704 3718 pascentur
725 3639 756 3701 in
771 3639 893 3701 aethere
907 3635 1000 3716 cervi,

146 3719 188 3782 Et
202 3722 282 3784 treta
296 3722 462 3785 destituent
476 3722 572 3786 nudos
587 3724 619 3795 in
632 3725 718 3787 litore
734 3725 852 3809 pisces:

146 3805 242 3887 Ante,
258 3809 419 3891 pererratis
435 3808 588 3872 amborum
602 3810 723 3890 finibus,
739 3812 824 3874 exsul
