2496 4334
467 304 627 353 assumes
650 306 714 351 LIB.
738 305 762 351 1.

103 459 259 543 imposuit3
284 481 447 543 regemque
464 450 626 542 dedie,''qui
641 458 763 522 foedere
781 464 863 521 certo

102 545 139 607 Et
153 567 303 628 premere,
319 552 351 608 et
365 547 448 609 laxas
463 545 555 608 sciret
568 545 640 607 dare
651 545 753 628 jussus
768 544 910 606 habenae.

100 630 147 692 Ad
162 653 254 713 quem
269 637 334 694 tum
347 631 370 693 J
371 652 429 693 uuo
446 630 571 713 supplex
585 630 631 692 his
647 630 767 692 vocibus
782 649 837 692 usa
851 636 916 691 est:

137 714 249 794 Aeole,
258 751 302 762 -
312 731 441 798 namque
456 715 510 777 tibi
525 715 627 777 divum
641 721 728 797 pater
743 722 833 796 atque
848 714 999 776 hominum
1013 735 1068 778 rex
1105 733 1136 781 65

99 799 137 862 Et
150 802 286 863 mulcere
302 799 387 863 dedit
400 802 509 863 fluctus
524 806 556 862 et
570 800 674 863 tollere
689 805 790 877 vento,
804 835 842 846 -

100 884 180 947 Gens
195 885 316 948 inimica
328 885 401 946 mihi
415 885 606 968 Tyrrhenum
619 885 743 967 navigat
758 905 881 967 aequor,

98 969 187 1031 Ilium
201 971 234 1032 in
248 969 369 1032 Italiam
383 976 516 1052 portans,
530 970 684 1053 victosque
699 969 849 1032 Penates:

98 1054 206 1118 Incute
221 1055 282 1117 vim
297 1054 407 1133 vende,
421 1055 648 1137 submersasque
664 1055 756 1117 obrue
771 1073 906 1138 puppes;

97 1139 163 1201 Aut
177 1161 236 1222 age
252 1138 395 1218 diversos,
410 1147 442 1202 et
457 1139 561 1224 disjice
577 1160 701 1222 corpora
715 1145 815 1222 ponto.

100 1223 178 1286 Sunt
191 1225 265 1286 mihi
280 1225 326 1287 bis
341 1231 457 1308 septem
470 1225 635 1308 praestanti
649 1245 771 1306 corpore
787 1223 960 1308 Nymphae,

99 1308 236 1382 Quarum
250 1330 327 1392 quae
341 1310 436 1373 forma
450 1311 650 1393 pulcherrima
664 1310 810 1391 Deiopea,
995 1342 1000 1353 ·

100 1394 255 1457 Connubio
262 1396 390 1479 jungam
405 1396 514 1474 stabili,
529 1396 738 1479 propriamque
754 1394 870 1472 dicabo,

100 1479 214 1542 Omnes
229 1486 264 1541 ut
278 1487 379 1543 tecum
392 1481 506 1544 meritis
520 1501 574 1564 pro
592 1480 699 1542 talibus
716 1500 808 1542 anuos

98 1564 223 1647 Exiget,
238 1571 270 1627 et
283 1566 410 1649 pulchra
423 1566 515 1628 faciat
530 1574 560 1627 te
575 1566 658 1649 prole
674 1571 839 1647 parentem.

140 1650 258 1712 Aeolus
271 1651 346 1713 haee
363 1657 481 1712 contra:
506 1651 599 1729 Tuus,
614 1671 631 1712 o
646 1650 761 1732 regina,
777 1648 850 1732 quid
863 1654 947 1732 optes

99 1734 266 1818 Explorare
280 1736 383 1811 labor;
406 1735 477 1797 mihi
486 1736 573 1819 jussa
588 1756 744 1818 capessere
761 1734 807 1797 fas
822 1739 879 1797 est.

100 1820 146 1881 'Iu
161 1820 245 1898 mihi,
260 1820 468 1903 quodcumque
482 1821 538 1882 hoc
554 1821 651 1902 regni,
667 1826 700 1882 tu
716 1826 836 1902 sceptra
848 1819 871 1881 J
872 1839 1017 1902 ovemque
1066 1837 1071 1845 ·

102 1903 270 1981 Concilias3
292 1911 327 1967 tu
341 1905 395 1967 das
410 1906 505 1989 epulis
520 1906 698 1968 accumbere
715 1906 827 1982 divum,

100 1989 338 2073 Nimborumque
354 1990 428 2052 facis
443 1997 714 2074 tempestatumque
730 1996 892 2073 potentem.

143 2075 233 2137 Haec
247 2074 298 2137 ubi
312 2074 527 2153 dicta,‘eavum
542 2096 686 2139 conversa
701 2074 825 2158 cuspide
840 2079 971 2137 montem

99 2159 228 2242 Impulit
240 2160 272 2223 in
285 2160 364 2223 latus
377 2183 384 2222 :
409 2181 446 2223 ac
460 2161 553 2240 venti,
568 2161 652 2224 velut
666 2161 784 2243 agmine
799 2159 891 2238 facte,

100 2243 170 2317 Qua
185 2244 257 2307 data
270 2251 367 2328 porta,
381 2253 484 2324 ruunt,
500 2253 532 2308 et
545 2253 642 2309 terras
660 2247 777 2308 turbiue
793 2245 930 2329 perflant.

100 2329 272 2392 Incubuere
287 2330 374 2408 mari,
389 2337 544 2414 totumque
561 2353 579 2394 a
594 2332 713 2394 sedibus
728 2331 795 2393 imis

100 2413 174 2477 Una
189 2413 350 2498 Eurusque
366 2415 525 2499 Notusque
541 2423 633 2479 ruunt
647 2417 811 2499 creberque
826 2415 963 2499 procellis

99 2498 238 2578 Africus,
255 2508 286 2563 et
300 2507 398 2563 vastos
413 2502 536 2564 volvunt
550 2502 588 2564 ad
602 2503 690 2564 litora
703 2501 822 2564 fluctus

101 2585 278 2667 Insequitur
292 2586 462 2668 clamorque
478 2587 574 2648 virum
590 2587 757 2668 stridorque
772 2585 943 2648 rudentum.

101 2669 244 2752 Eripiunt
258 2670 355 2733 subito
371 2672 465 2734 nubes
481 2668 655 2754 coelumque
671 2673 809 2754 diemque

102 2755 287 2817 Teucrorum
302 2776 340 2818 ex
355 2757 466 2830 oculis3
488 2763 577 2838 ponto
592 2778 650 2818 nox
664 2756 786 2818 incubat
801 2763 877 2818 atra.

101 2839 267 2903 Intonuere
282 2840 352 2923 poli,
368 2847 399 2902 et
413 2841 525 2904 crebris
540 2842 630 2903 micat
644 2843 762 2923 ignibus
777 2841 902 2916 aether;

102 2924 359 3008 Praesentcmque
375 2925 447 2988 viris
460 2927 611 2988 intentant
626 2927 724 2988 omnia
737 2933 873 2988 mortem.

145 3010 305 3093 Extemplo
322 3010 448 3073 Aeneae
464 3011 619 3073 solvuntur
632 3012 742 3092 frigore
757 3011 910 3086 membra;

103 3095 246 3177 Ingemit,
264 3102 306 3174 et,
321 3095 456 3178 duplices
470 3097 598 3158 tendens
613 3097 652 3158 ad
667 3096 766 3158 sidera
780 3096 905 3177 palmas,

104 3180 189 3242 Talia
203 3201 276 3242 voce
292 3180 404 3243 refert:
427 3179 453 3242 Ο
470 3188 576 3263 terque
594 3187 760 3262 quaterque
774 3180 857 3242 beati

104 3262 178 3336 Quis
193 3271 263 3327 ante
279 3286 331 3327 ora
345 3272 465 3348 patrum
480 3267 586 3349 Trojae
602 3266 656 3327 sub
671 3265 824 3326 moenibus
840 3265 907 3327 altis

105 3348 241 3430 Contigit
254 3349 413 3432 oppetere!
454 3350 480 3412 Ο
503 3351 643 3412 Danaum
658 3350 815 3412 fortissime
831 3351 929 3432 gentis

104 3433 234 3514 Tydide,
248 3456 335 3497 mene
350 3435 452 3496 Iliacis
467 3437 643 3498 occumbere
659 3435 770 3516 campis

104 3517 176 3581 Non
190 3520 333 3602 potuisse,
348 3525 460 3600 tuaque
476 3521 604 3582 animam
619 3520 695 3582 hanc
712 3519 863 3581 effundere
880 3517 1005 3581 dextra!

106 3601 222 3668 Saeuis
237 3605 289 3667 ubi
302 3604 457 3667 Aeacidae
473 3607 532 3667 telo
542 3606 627 3689 jacet
643 3605 770 3682 Hector,
786 3605 837 3666 ubi
851 3604 957 3683 ingens

106 3685 279 3772 Sarpedon3
302 3690 353 3751 ubi
369 3695 413 3751 tot
430 3687 536 3753 Simois
552 3695 689 3773 correpta
704 3689 758 3751 sub
773 3689 862 3750 undis
1100 3706 1146 3754 100

105 3771 201 3837 Scuta
216 3775 313 3838 virum
327 3776 489 3856 galeasque
505 3782 537 3837 et
550 3775 640 3837 fortia
654 3794 779 3856 corpora
794 3772 896 3834 volvit.
