2496 4334
409 301 570 348 sumbus
592 303 657 348 LIB.
681 303 728 347 IX.

60 455 194 540 Euryale
209 455 323 534 infelix,
335 476 395 538 qua
410 461 440 517 to
455 455 577 536 regione
593 455 726 537 reliqui?
1050 480 1097 528 390

61 540 164 613 Quave
181 563 299 624 sequar,
311 562 414 603 rursus
429 542 602 622 perplexum
618 542 676 602 iter
691 561 776 604 omne
792 542 948 605 revolvens

59 625 189 689 Fallacis
204 625 322 689 silvae?
363 625 458 688 Simul
473 634 504 687 et
516 626 643 707 vestigia
658 633 738 688 retro

61 710 229 774 Observata
242 712 328 793 legit,
344 711 499 793 dumisque
516 712 669 773 silentibus
685 717 776 772 errat.

58 795 158 858 Audit
172 818 275 879 equos,
288 797 371 859 audit
386 796 527 877 strepitus
543 802 574 857 ot
585 797 670 877 signa
682 804 869 878 sequentum.

60 881 127 943 Neo
143 883 264 964 longum
278 882 309 943 in
323 881 421 943 medio
437 887 564 963 tompus,
580 902 672 963 quum
687 883 798 943 clamor
812 881 851 943 ad
867 902 954 944 aures

60 965 213 1045 Pervenit,
229 987 264 1029 ac
280 966 362 1029 videt
377 966 553 1048 Euryalum,
569 987 658 1048 quem
668 968 732 1048 jam
745 987 850 1028 manus
865 968 958 1030 omnis

59 1051 179 1113 Fraude
194 1051 251 1113 loci
266 1057 298 1112 ot
311 1051 417 1129 noctis,
433 1051 529 1112 subito
544 1051 683 1112 turbante
699 1053 840 1129 tumultu,

61 1133 245 1217 Oppressum
259 1136 339 1218 rapit
354 1143 385 1197 et
400 1143 555 1198 conantem
567 1136 694 1218 plurima
705 1137 826 1198 frustra.

60 1219 140 1292 Quid
154 1220 271 1283 faciat?
293 1242 353 1303 qua
368 1221 397 1282 vi
406 1221 560 1303 juvenem,
573 1221 679 1302 quibus
695 1221 808 1283 audeat
822 1222 911 1284 armis

60 1305 210 1387 Eripere?
234 1327 272 1368 an
287 1314 352 1368 sese
367 1306 480 1367 medios
490 1306 650 1368 moriturus
665 1306 696 1367 in
707 1307 806 1368 hostes

59 1390 187 1469 Inferat,
203 1397 234 1454 et
248 1392 403 1473 pulchram
417 1397 557 1472 properet
572 1411 626 1472 per
637 1392 762 1453 vulnera
775 1390 924 1454 mortem?

61 1474 154 1537 Ocius
169 1476 298 1538 adducto
313 1483 455 1557 torquens
469 1476 576 1537 hastile
591 1477 716 1555 lacerto,
733 1513 734 1516 =

62 1559 233 1643 Suspiciens
248 1562 338 1623 altam
353 1560 481 1637 Lunam,
497 1562 539 1622 sio
555 1582 627 1623 voce
644 1567 805 1643 precatur:

59 1646 117 1724 Tu,
132 1646 200 1724 dea,
215 1652 249 1707 tu
263 1666 405 1728 praesens
419 1652 519 1707 nostro
534 1666 675 1707 succurre
691 1646 796 1724 labori,

58 1732 220 1794 Astrorum
235 1731 326 1793 docus
342 1737 373 1792 et
387 1751 540 1792 nemorum
552 1729 678 1793 Latonia
690 1731 807 1795 custos!

61 1814 95 1878 Si
110 1836 169 1898 qua
184 1816 243 1877 tuis
257 1837 398 1898 umquam
412 1836 466 1897 pro
480 1836 527 1876 mc
542 1821 629 1898 pater
640 1816 796 1898 Hyrtacus
808 1816 867 1878 aris

59 1901 147 1963 Dona
160 1901 239 1977 tulit,
251 1901 276 1962 si
292 1921 352 1982 qua
365 1901 428 1982 ipse
444 1900 518 1963 meis
531 1900 687 1963 venatibus
701 1901 782 1977 auxi,

61 1984 247 2068 Suspendive
262 1986 353 2063 tholo,
369 1991 422 2047 aut
436 2005 522 2048 sacra
536 1985 575 2047 ad
589 1985 711 2066 fastigia
724 1985 797 2059 fixi3

58 2070 150 2133 Hunc
168 2070 230 2132 sine
245 2091 293 2132 me
309 2070 430 2132 turbare
446 2071 575 2151 globum,
592 2076 623 2132 et
637 2091 709 2151 rege
725 2072 786 2132 tela
800 2091 855 2152 per
866 2070 972 2135 auras!

58 2156 196 2233 Dixerat,
211 2162 242 2218 et
256 2161 319 2217 toto
334 2155 475 2217 connixus
491 2176 613 2236 corpore
628 2156 741 2217 ferrum

60 2240 197 2324 Oonjicit.
242 2241 342 2303 Hasta
355 2241 458 2302 volans
472 2241 567 2302 noctis
583 2240 753 2302 diverberat
767 2241 899 2320 umbras,

55 2326 101 2397 ¹Et
115 2327 197 2387 venit
212 2326 309 2386 aversi
323 2325 354 2386 in
369 2331 487 2406 tergum
505 2324 663 2402 Sulmonis,
676 2326 774 2407 ibique

58 2410 223 2492 Frangitur
239 2431 274 2472 ac
289 2411 358 2472 fisso
373 2411 481 2471 transit
495 2410 671 2492 praecordia
681 2411 772 2491 ligno.

58 2495 199 2556 Volvitur
211 2496 260 2556 ille
276 2515 396 2556 vomens
412 2495 542 2556 calidum
557 2495 594 2556 dc
610 2501 731 2576 pectore
743 2495 854 2556 flumon

57 2579 210 2661 Frigidus,
223 2587 254 2641 et
267 2580 363 2661 longis
378 2580 555 2660 singultibus
570 2580 621 2641 ilia
634 2581 744 2662 pulsat.

59 2665 180 2726 Diversi
194 2664 453 2745 circumspiciunt:
477 2664 533 2726 hoc
550 2665 646 2726 acrior
661 2665 740 2726 idem

59 2749 141 2812 Ecce
157 2749 238 2811 aliud
253 2770 368 2811 summa
382 2750 475 2810 telum
485 2748 613 2811 librabat
628 2749 665 2811 ab
681 2770 763 2811 aure.

59 2835 140 2896 Dum
155 2834 316 2916 trepidant,
332 2834 366 2895 iit
380 2835 467 2895 hasta
482 2834 564 2915 Tago
579 2855 634 2916 per
649 2841 765 2916 tempus
780 2838 952 2917 utrumque,

61 2918 209 2996 Stridens,
224 2920 409 3001 trajectoque
424 2919 523 2980 haesit
538 2920 689 3000 tepefacta
703 2918 836 2980 cerebro.

61 3004 165 3067 Saevit
180 3011 264 3066 atrox
279 3004 438 3082 Volsccns,
452 3024 508 3065 noc
525 3005 577 3065 teli
592 3004 736 3084 conspicit
750 3024 876 3084 usquam

58 3089 236 3166 Auctorem,
247 3109 304 3150 nec
320 3110 378 3170 quo
393 3109 425 3149 se
440 3088 548 3150 ardens
562 3089 722 3149 immittere
737 3088 838 3169 possit.

59 3175 107 3234 'lu
121 3180 222 3235 tamen
235 3174 352 3235 interea
367 3173 462 3236 calido
476 3173 548 3234 mihi
563 3173 707 3253 sanguine
719 3192 829 3254 poenas

59 3259 217 3320 Persolves
233 3257 396 3335 amborum,
412 3258 528 3339 inquit3
551 3259 638 3320 simul
653 3278 724 3319 ense
739 3257 856 3319 recluso

59 3343 130 3406 Ibat
145 3344 177 3404 in
192 3344 368 3424 Euryalum.
414 3343 490 3403 Tum
507 3364 577 3404 vero
593 3343 762 3422 extorritus,
775 3362 888 3421 amens,

61 3427 235 3490 Conclamat
249 3427 353 3506 Nisus,
369 3448 425 3490 nec
437 3448 470 3489 se
482 3428 580 3489 celare
592 3427 723 3490 tenebris

59 3513 199 3595 Amplius
215 3520 268 3575 aut
282 3519 398 3575 tantum
413 3513 509 3593 potuit
523 3513 657 3596 perferre
674 3513 814 3574 dolorem.

60 3597 125 3675 Me,
140 3620 199 3674 me,
216 3599 320 3661 adsum
333 3599 384 3680 qui
398 3598 467 3675 foci,
482 3599 514 3659 in
528 3619 575 3659 me
592 3597 755 3660 convertite
771 3597 894 3673 forrum,

61 3681 88 3743 Ο
106 3683 228 3746 Rutuli!
251 3705 319 3745 mea
332 3684 415 3745 fraus
430 3684 542 3759 omnis3
565 3683 637 3744 nihil
652 3683 709 3744 iste
724 3701 780 3742 nec
793 3700 894 3757 ausus,

59 3767 128 3829 Nec
144 3770 258 3850 potuit:
284 3770 399 3831 coelum
413 3768 469 3829 hoc
485 3775 517 3830 et
532 3768 650 3829 conscia
664 3766 763 3828 sidera
777 3770 890 3834 testcr;
