2496 4334
413 305 573 354 assumes
595 307 660 352 LIB.
684 306 745 352 XII.

61 456 140 521 Orta
153 458 228 538 dics,
243 479 335 542 quum
349 459 477 543 primum
492 461 552 521 alto
567 480 599 522 se
615 459 735 542 gurgite
750 458 857 520 tollrmt

62 541 140 606 Solis
155 545 235 626 equi,
249 545 407 627 lucemque
423 544 508 606 elatis
523 545 644 607 naribus
659 544 760 606 efflant
773 565 780 605 :

61 626 207 710 Campum
222 629 261 690 ad
277 636 429 691 certamen
442 649 569 709 magnae
585 630 639 691 sub
654 629 808 691 moenibus
822 626 905 688 urbis

59 711 196 774 Dimensi
211 713 375 796 Rutulique
390 709 446 775 viri
461 713 628 796 Teucrique
644 714 791 796 parabant
803 732 812 789 3

59 796 99 858 In
113 797 268 879 medioque
284 798 365 860 focos
380 803 411 859 et
426 797 689 867 discommunibus
704 818 771 860 aras

61 879 236 944 Gramineus
249 901 258 958 ;
281 883 331 944 alii
345 882 516 964 fontemque
530 883 690 965 ignemque
705 883 854 964 ferebant,
937 903 942 910 ··

59 964 164 1028 Velati
176 967 245 1029 limo
260 972 292 1029 et
305 968 437 1030 verbena
450 973 585 1050 tempora
599 967 701 1029 vincti.

59 1049 202 1113 Procedit
216 1051 295 1132 legio
309 1050 508 1130 Ausonidum,
523 1052 674 1134 pilataque
689 1051 785 1134 plenis

58 1133 192 1216 Agmina
206 1156 238 1198 se
253 1137 383 1198 fundunt
397 1137 499 1219 portis.
544 1136 625 1198 Hinc
642 1136 748 1198 Troius
762 1136 856 1200 omnis

59 1219 292 1302 Tyrrhenusque
307 1221 368 1283 ruit
382 1221 471 1284 variis
486 1221 635 1283 exercitus
649 1221 749 1298 armis,

59 1303 155 1365 Haud
170 1325 255 1367 secus
269 1305 407 1368 instructi
421 1307 512 1384 ferro,
527 1327 615 1388 quam
632 1305 657 1367 si
672 1326 778 1387 aspera
792 1305 901 1368 Martis

60 1389 169 1470 Pugna
183 1394 279 1452 vocet.
324 1390 392 1453 Nec
407 1412 467 1454 non
480 1391 585 1452 mediis
600 1391 631 1452 in
644 1390 772 1454 millibus
787 1390 844 1474 ipsi

59 1472 209 1536 Ductores
224 1494 297 1536 auro
311 1475 437 1537 volitant
451 1481 588 1557 ostroque
604 1475 735 1556 superbi,

60 1557 104 1620 Et
117 1578 211 1639 genus
225 1558 369 1621 Assaraci
382 1559 570 1637 Mnestheus,
587 1567 618 1622 et
632 1559 716 1622 fortis
729 1559 843 1638 Asilas,

60 1643 103 1704 Et
117 1642 275 1726 Messapus
290 1665 401 1726 equum
414 1645 549 1723 domitor,
565 1645 720 1726 Neptunia
734 1646 842 1727 proles.

60 1726 167 1809 thue
183 1727 252 1790 dato
267 1728 352 1811 signo
366 1730 463 1812 spatia
476 1729 508 1791 in
522 1750 577 1791 sua
592 1729 717 1811 quisque
733 1729 868 1807 recessit,

60 1811 208 1894 Defigunt
221 1813 323 1875 telluri
336 1814 439 1876 hastas
454 1820 486 1875 et
499 1821 586 1876 scuta
600 1814 756 1875 reclinant.

60 1897 138 1958 Tum
152 1897 250 1960 studio
266 1899 376 1960 effusae
391 1903 502 1960 matres
517 1905 548 1960 et
563 1898 670 1979 vulgus
685 1897 832 1959 inermum

60 1982 249 2065 Invalidique
264 2003 350 2046 senes
366 1989 464 2045 turres
479 1989 510 2045 ct
524 1990 607 2045 tecta
621 1982 773 2044 domorum

62 2065 228 2146 Obsedere,
244 2067 293 2130 alii
306 2068 400 2151 portis
414 2068 586 2130 sublimibus
601 2067 731 2128 adstant.

103 2151 150 2214 At
163 2152 185 2214 J
186 2173 245 2215 uno
260 2173 277 2215 e
292 2173 417 2231 summo,
432 2153 484 2234 qui
497 2173 576 2226 nunc
592 2150 730 2213 Albanus
743 2149 872 2212 habetur
881 2187 926 2197 -
1058 2216 1064 2224 ,

61 2235 139 2299 Tum
152 2257 251 2320 neque
265 2259 373 2301 nomen
388 2243 453 2299 erat
466 2257 522 2299 nec
537 2238 629 2298 honos
645 2241 697 2299 aut
712 2235 806 2317 gloria
820 2235 968 2298 monti-
1084 2255 1096 2280 r

60 2321 250 2405 Prospiciens
264 2323 378 2384 tumulo
393 2342 530 2403 campum
545 2320 739 2402 adspectabat
754 2325 786 2382 et
800 2320 902 2383 ambas

61 2406 247 2470 Laurentum
261 2407 429 2488 Troumque
445 2406 525 2468 acies
539 2406 702 2487 urbemque
718 2404 829 2466 Latini.

61 2490 221 2573 Extemplo
236 2491 328 2553 Turni
343 2490 385 2552 sio
401 2495 447 2552 est
462 2491 552 2553 affata
566 2511 707 2567 sororem,

61 2574 141 2637 Diva
156 2575 254 2651 deam,
269 2574 382 2656 stagnis
398 2595 475 2657 quae
490 2575 718 2656 fluminibusque
734 2571 847 2636 sonoris

61 2657 242 2734 Praesidet3
263 2659 343 2721 hunc
360 2659 403 2720 illi
417 2680 471 2720 rex
486 2659 616 2721 aetheris
632 2660 710 2720 altus
723 2658 867 2720 honorem
1053 2678 1099 2725 140
1162 2694 1163 2697 “

61 2743 184 2825 Jupiter
200 2749 304 2824 erepta
318 2764 372 2826 pro
387 2744 557 2828 virginitate
573 2743 722 2806 sacravit:

62 2827 217 2910 Nympha,
233 2828 325 2890 decus
339 2828 505 2907 fluviorum,
521 2828 618 2890 animo
633 2826 802 2909 gratissima
814 2831 928 2905 nostro,

64 2911 141 2989 Scis,
157 2917 191 2973 ut
206 2917 236 2974 te
253 2913 367 2975 cunctis
382 2933 482 2990 unam,
498 2932 704 2995 quaecumque
719 2910 846 2973 Latinae

62 2996 249 3077 Magnanimi
262 2997 285 3059 J
286 2998 347 3060 ovis
361 2997 513 3078 ingratum
527 2995 711 3058 adscendere
726 2994 835 3071 cubile,

62 3081 273 3160 Praetulerim,
289 3081 422 3162 coelique
437 3081 532 3142 libens
546 3080 578 3141 in
591 3086 677 3162 parte
691 3078 835 3141 locarim:

62 3165 155 3227 Disce
170 3170 265 3242 tuum,
280 3186 318 3227 ne
333 3185 380 3226 me
395 3165 524 3241 incuses,
539 3164 561 3226 J
562 3173 683 3241 uturna,
699 3163 840 3225 dolorem.

63 3247 132 3321 Qua
146 3248 209 3311 visa
224 3256 270 3311 est
282 3249 403 3311 fortuna
415 3249 490 3331 pati,
505 3248 681 3330 Parcaeque
696 3247 834 3309 sinebant

64 3332 182 3395 Cedere
197 3353 246 3396 res
260 3331 358 3412 Latio,
373 3334 509 3395 Turnum
523 3338 555 3395 et
568 3339 622 3395 tua
636 3332 752 3394 moenia
767 3331 828 3393 texi
841 3349 851 3406 3

64 3417 155 3479 Nunc
166 3417 308 3499 juvenem
322 3418 484 3500 imparibus
498 3417 584 3479 video
600 3436 777 3479 concurrere
793 3416 874 3495 fatis,

64 3503 288 3583 Parcarumque
304 3501 367 3563 dies
383 3508 414 3563 et
428 3503 473 3564 vis
487 3501 607 3563 inimica
621 3501 809 3583 propinquat.
1056 3518 1102 3565 150

65 3586 136 3647 Non
151 3606 282 3666 pugnam
296 3586 450 3667 adspicere
464 3586 541 3647 hanc
558 3586 661 3663 oculis,
676 3606 735 3646 non
750 3583 874 3646 foedera
888 3601 1028 3665 possum3

64 3671 123 3746 Tu,
138 3690 192 3751 pro
196 3691 350 3751 germano
365 3670 390 3731 si
404 3669 477 3752 quid
493 3670 680 3751 praesentius
695 3667 799 3743 audes,

64 3756 186 3836 Perge:
210 3754 308 3817 decet.
354 3753 467 3816 Forsan
482 3755 605 3816 miseros
619 3753 741 3815 meliora
755 3756 929 3832 sequentur.
