2496 4334
435 296 597 344 anunrnos
619 298 684 344 um.
707 296 760 344 111.
1056 282 1119 347 133

79 447 159 528 Sint,
174 471 260 532 puer,
275 454 306 513 et
320 450 442 531 longum
455 448 685 513 Andromachae
701 455 850 514 testentur
865 471 1006 531 amorem,

77 533 223 618 Conjugis
237 534 419 598 Hectoreae.
466 535 548 618 Cape
565 536 643 598 dona
656 541 791 599 extrema
805 543 935 616 tuorum,
993 534 1004 547 '

79 617 106 682 Ο
122 621 196 681 mihi
210 620 272 683 sola
285 621 345 682 mei
360 641 450 703 super
464 619 661 704 Astyanactis
674 620 782 702 imago.

79 703 131 766 Sic
148 706 258 784 oculos,
273 705 316 767 sic
331 706 381 767 illo
396 726 514 784 manus,
530 706 572 768 sic
588 726 641 768 ora
654 706 791 784 ferebat3

79 789 122 851 Et
136 810 216 853 nunc
232 791 350 872 aequali
364 797 466 852 tecum
479 791 657 873 pubesceret
671 811 755 853 aevo.

122 873 189 937 Hos
204 895 260 956 ego
275 875 446 956 digrediens
461 876 600 958 lacrymis
616 876 728 937 affabar
743 875 874 940 obortis:

78 959 183 1022 Vivite
199 960 311 1037 felices,
328 961 435 1043 quibus
451 965 497 1022 est
511 961 631 1022 fortuna
644 967 768 1042 peracta

77 1043 100 1105 J
102 1064 152 1106 am
166 1065 221 1107 sua
233 1067 240 1106 :
264 1065 318 1107 nos
333 1046 391 1108 alia
407 1066 445 1107 ex
460 1045 524 1107 aliis
538 1044 648 1107 inlata
667 1064 819 1107 vocamur.

78 1128 175 1192 Vobis
190 1136 277 1212 parta
291 1131 395 1212 quies:
418 1131 533 1192 nullum
546 1130 637 1192 maris
653 1150 765 1212 aequor
780 1131 926 1193 arandum
938 1152 946 1209 ;

77 1215 167 1276 Arva
180 1235 279 1297 neque
294 1215 457 1292 Ausoniae,
473 1235 590 1296 semper
606 1215 744 1278 cedentia
758 1222 850 1293 retro,

80 1296 281 1372 Quaerenda:
305 1301 433 1382 effigiem
447 1299 564 1362 Xanthi
578 1301 756 1384 Trojamque
772 1301 892 1381 videtis,

80 1383 179 1456 Quam
193 1391 311 1446 vestrae
325 1386 425 1448 fecere
440 1406 545 1447 manus
559 1405 567 1461 3
589 1387 760 1464 meloribus‚
775 1391 855 1468 opto,

78 1467 244 1551 Auspiciis,
259 1476 292 1532 et
305 1492 382 1552 quae
397 1470 488 1532 fuerit
501 1471 599 1532 minus
614 1471 700 1534 obvia
716 1470 824 1534 Graiis.

81 1553 115 1616 Si
130 1555 250 1636 quando
265 1555 409 1638 Thybrim
424 1555 579 1637 vicinaque
596 1555 756 1639 Thybridis
772 1576 844 1619 arva

80 1639 211 1719 Intraro,
227 1641 368 1723 gentique
383 1661 468 1702 meae
484 1640 556 1702 data
569 1641 686 1703 moenia
701 1662 832 1720 cernam,

82 1723 233 1806 Cognatas
247 1726 336 1788 urbes
351 1726 430 1804 olim,
445 1727 627 1808 populosque
642 1727 834 1809 propinquos,

81 1809 185 1892 Epiro,
200 1810 361 1893 Hesperia,
377 1811 484 1894 quibus
498 1810 578 1873 idem
592 1811 753 1874 Dardanus
768 1818 884 1890 auctor,

79 1893 186 1977 Atque
200 1895 280 1958 idem
295 1916 392 1976 casus,
407 1917 498 1958 unam
511 1896 655 1959 faciemus
669 1904 827 1980 utramque

80 1979 201 2064 Trojam
216 1981 341 2044 animis:
364 1986 486 2045 maneat
500 1988 616 2044 nostros
631 2002 667 2044 ea
682 2002 755 2044 cura
768 1988 903 2064 nepotes.

124 2064 321 2128 Provehimur
334 2068 440 2149 pelago
455 2067 553 2130 vicina
568 2065 718 2129 Ceraunia
727 2067 827 2149 juxta,

80 2148 174 2212 Unde
189 2151 248 2213 iter
262 2151 392 2230 Itaham,
408 2172 572 2234 cursusque
586 2151 777 2238 brevissimus
792 2150 891 2213 undis.

82 2233 135 2298 Sol
150 2236 210 2297 ruit
224 2235 351 2315 interea,
366 2243 398 2299 et
411 2243 526 2299 montes
540 2237 716 2298 umbrantur
726 2237 821 2319 opaci.

83 2319 253 2382 Sternimur
266 2328 385 2403 optatae
401 2322 513 2403 gremio
528 2321 641 2383 telluris
657 2321 696 2383 ad
710 2321 833 2402 undam,

83 2404 188 2468 Sortiti
202 2427 309 2486 remos,
325 2407 493 2488 passimque
508 2407 539 2467 in
553 2406 639 2468 litore
655 2406 733 2468 sicco

82 2489 215 2573 Corpora
230 2511 388 2554 curamus:
412 2493 505 2554 fessos
521 2511 607 2573 sopor
622 2491 728 2572 irrigat
742 2497 835 2552 artus.

80 2575 223 2638 Necdum
237 2577 339 2638 orbem
352 2577 482 2638 medium
494 2576 527 2637 N
527 2598 565 2638 ox
578 2576 658 2638 horis
675 2582 743 2638 acta
757 2575 895 2637 subibat:

81 2661 176 2723 Haud
191 2661 289 2743 segnis
305 2667 399 2723 strato
414 2662 511 2743 surgit
526 2661 697 2739 Palinurus,
713 2667 744 2722 et
762 2681 863 2723 omnes

81 2747 227 2827 Explorat
241 2754 356 2825 ventos
371 2752 461 2828 atque
478 2747 598 2808 auribus
613 2748 685 2808 adra
700 2752 802 2828 captat
816 2765 824 2822 ;

83 2830 191 2894 Sidera
206 2839 315 2894 cuncta
329 2837 412 2894 notat
427 2831 518 2893 tacito
532 2832 664 2893 labentia
679 2832 772 2909 coelo,
1075 2845 1123 2892 515

81 2916 259 2994 Arcturum,
273 2917 448 2998 pluviasque
464 2916 603 2999 Hyadas,
618 2916 809 2999 geminosque
825 2914 959 2994 Triones,

81 3000 302 3083 Armatumqne
318 3021 391 3063 auro
406 3001 607 3082 circumspicit
623 3001 744 3064 Oriona.

82 3086 248 3167 Postquam
263 3092 374 3148 cuncta
387 3085 471 3147 videt
485 3086 567 3148 coelo
583 3091 719 3148 constare
734 3105 850 3162 sereno,

82 3171 146 3232 Dat
161 3171 273 3243 clarum
290 3191 306 3233 e
322 3170 415 3253 puppi
430 3171 569 3252 signum;
591 3191 645 3232 nos
660 3175 759 3231 castra
773 3189 938 3247 movemus,

82 3255 305 3338 Tentamusque
320 3256 409 3333 uam,
425 3256 603 3317 et-velorum
618 3254 774 3336 pandimus
789 3255 861 3316 alas.
895 3322 900 3336 ‚
1077 3268 1124 3317 520

81 3340 213 3421 Jamque
229 3340 406 3402 rubescebat
421 3341 514 3402 stellis
528 3339 649 3402 Aurora
663 3339 785 3420 fugatiS,

83 3423 152 3496 Qun
198 3426 301 3508 procul
330 3425 456 3503 ,bscuros
472 3426 561 3486 colles
575 3425 776 3519 humilemque
792 3423 926 3486 videmus

82 3447 213 3656 lt'aligm.
258 3446 378 3656 Itafam
393 3511 412 3591 p
430 3496 505 3571 ‘nius
520 3510 687 3571 conclamat
700 3507 836 3571 Achates
849 3530 857 3585 ;

83 3594 153 3655 Itali
172 3616 202 3655 m
217 3595 296 3657 laeto
326 3593 383 3657 ocii
399 3594 426 3655 cl
445 3615 526 3656 more
542 3595 683 3656 salutant.

83 3679 160 3740 Tum
174 3685 263 3761 pater
276 3677 427 3741 Anchises
438 3700 582 3760 magnum
598 3685 717 3741 cratera
732 3697 840 3739 corona
1075 3692 1123 3740 525

81 3762 198 3844 Induit,
213 3764 406 3847 implevitque
420 3784 514 3841 mero,
529 3764 672 3846 divosque
688 3761 807 3825 vocavit

471 3846 512 3908 12
