2496 4334
99 265 161 330 118
327 266 339 284 “
442 285 471 329 r.
495 283 636 330 vrnoruu
657 282 802 330 nunonis

99 437 159 500 Hic
176 459 252 500 vero·
262 438 359 501 victus
375 437 492 520 genitor
506 459 538 500 se
554 439 630 500 tollit
644 438 683 500 ad
698 458 798 517 auras,

98 521 280 606 Affaturque
296 523 378 602 deos,
394 530 425 585 et
440 530 576 586 sanctum
591 523 673 585 sidus
690 523 804 586 adorat.
1093 547 1141 594 700

99 608 121 670 J
123 628 170 670 am
180 610 245 691 jam
260 608 345 670 nulla
357 629 441 670 mora
456 615 523 684 est3
545 629 664 690 sequor,
680 616 722 687 et,
738 629 798 691 qua
813 607 932 688 ducitis,
948 610 1063 673 adsum.
1178 629 1183 639 ·

99 693 140 754 Di
154 693 255 776 patrii,
270 700 388 755 servate
405 693 535 771 domum,
551 701 668 756 servate
683 692 843 776 nepotem!

99 779 246 842 Vestrum
260 778 315 840 hoc
332 778 501 860 augurium,
517 785 675 861 vestroque
690 779 722 839 in
736 779 857 840 numine
875 778 966 862 Troja
980 786 1037 842 est.

101 863 183 926 Cedo
198 863 337 945 equidem
350 884 358 939 3
380 883 448 941 nec,
463 872 545 939 nate,
563 864 617 925 tibi
632 884 730 925 comes
744 864 788 926 ire
804 884 920 927 recuso.

142 949 269 1010 Dixerat
283 948 332 1009 ille
347 968 355 1023 ;
378 955 410 1010 et
419 949 484 1030 jam
498 969 553 1030 per
566 949 683 1011 moenia
698 948 805 1011 clarior
819 949 897 1030 ignis

98 1034 243 1111 Auditur,
259 1033 439 1116 propiusque
455 1039 555 1095 aestus
569 1033 708 1095 incendia
721 1035 853 1096 volvunt.

101 1119 182 1200 Ergo
197 1139 265 1199 age,
282 1139 351 1180 care
366 1133 461 1200 pater,
474 1119 584 1180 cervici
598 1119 749 1200 imponere
764 1124 884 1181 nostrae
898 1138 906 1194 3

99 1204 169 1286 lpse
185 1204 289 1265 subibo
303 1203 446 1280 humeris,
461 1223 517 1264 nec
532 1224 580 1264 mc
595 1204 680 1265 labor
693 1204 750 1265 iste
766 1204 905 1285 gravabit
919 1223 927 1279 ;

100 1288 166 1361 Quo
181 1309 230 1351 res
246 1308 372 1369 cumque
389 1287 509 1367 cadent,
524 1309 616 1349 unum
631 1295 663 1350 et
677 1309 832 1350 commune
847 1289 1004 1370 periclum,
1085 1341 1089 1347 Δ

100 1373 171 1436 Una
185 1374 264 1436 salus
280 1373 420 1435 ambobus
435 1372 502 1434 erit.
541 1372 624 1434 Mihi
639 1394 748 1455 parvus
763 1373 848 1436 Iulus

101 1457 148 1522 Sit
163 1479 272 1537 comes,
287 1466 319 1521 et
332 1458 420 1540 longe
436 1464 536 1520 servet
550 1459 677 1540 vestigia
692 1459 809 1542 conjux.

99 1545 175 1623 Vos,
191 1544 305 1621 famuli,
320 1563 397 1624 quae
413 1542 522 1621 dicam,
538 1543 641 1605 animis
657 1543 804 1605 advertite
820 1543 938 1606 vestris.

100 1630 157 1691 Est
171 1629 244 1690 urbe
261 1628 389 1709 egressis
404 1628 535 1689 tumulus
549 1629 752 1711 templumque
768 1634 919 1712 vetustum

100 1714 246 1776 Desertae
262 1712 393 1791 Cereris,
403 1712 550 1795 juxtaque
566 1713 689 1796 antiqua
704 1733 875 1796 cupressus,

99 1800 256 1880 Religione
272 1804 392 1881 patrum
405 1798 513 1859 multos
528 1804 647 1860 servata
662 1819 717 1881 per
732 1819 844 1861 annos:

99 1885 189 1947 Hanc
205 1905 242 1945 ex
257 1883 373 1945 diverso
387 1882 490 1944 sedem
503 1883 655 1946 veniemus
670 1884 701 1945 in
715 1904 815 1946 unam.

100 1970 157 2049 Tu,
173 1969 300 2051 genitor,
316 1988 391 2051 cape
406 1987 492 2029 sacra
505 1987 606 2046 manu,
621 1969 792 2050 patriosque
809 1968 949 2031 Penates.

99 2055 164 2134 Me,
179 2055 256 2116 bello
272 2075 288 2116 e
304 2059 387 2114 tanto
403 2052 569 2133 digressum
583 2059 615 2115 et
630 2054 722 2116 caede
738 2053 865 2133 recenti,

98 2140 274 2202 Attrectare
289 2137 385 2217 nefas,
400 2137 494 2200 donec
510 2159 557 2200 me
572 2139 692 2200 flumine
707 2139 775 2202 vivo
947 2138 949 2145 '

98 2226 243 2287 Abluer0.

99 2311 186 2373 Haec
201 2310 281 2372 fatus
295 2308 370 2369 latos
385 2307 523 2370 humeros
538 2308 731 2391 subjectaque
752 2309 828 2372 colla

99 2396 193 2459 Veste
209 2415 300 2477 super
315 2392 448 2474 fulvique
462 2393 610 2455 insternor
625 2395 701 2476 pelle
716 2394 820 2472 leonis,

101 2481 296 2562 Succedoque
311 2477 403 2540 oneri.
448 2476 582 2541 Dextrae
598 2500 630 2541 se
645 2500 756 2562 parvus
771 2479 857 2541 Iulus

98 2566 262 2650 implicuit,
277 2563 471 2646 sequiturque
487 2571 604 2645 patrem
618 2586 678 2627 non
691 2565 827 2647 passibus
842 2562 956 2646 aequis.

98 2654 182 2715 Pone
199 2651 278 2713 subit
293 2649 411 2731 conjux.
457 2648 596 2710 Ferimur
610 2671 665 2732 per
679 2670 773 2732 opaca
785 2650 928 2711 locorum.

100 2739 141 2800 Et
155 2758 213 2814 me,
230 2755 319 2818 quem
334 2733 446 2795 dudum
460 2754 520 2795 non
534 2735 596 2796 ulla
610 2735 721 2818 injecta
735 2735 894 2797 movebant

99 2825 183 2901 Tela,
198 2840 296 2902 neque
311 2818 436 2880 adverso
452 2819 607 2900 glomerati
622 2839 659 2880 ex
674 2819 791 2900 agmine
807 2817 903 2896 Graii,

23 2962 28 2966 .
99 2909 189 2970 Nunc
205 2924 305 2968 omnes
321 2909 436 2964 terrent
451 2923 554 2981 aurae,
570 2924 658 2966 sonus
674 2905 785 2966 excitat
799 2902 892 2966 omnis

101 2994 285 3075 Suspensum
300 2994 331 3050 et
346 2988 460 3070 pariter
474 2988 632 3070 comitique
648 2989 790 3072 onerique
805 2989 970 3051 timentem.

139 3080 270 3158 Jamque
287 3073 520 3156 propinquabam
534 3074 638 3156 portis,
653 3094 828 3156 omnemque
844 3073 968 3136 videbar

98 3163 237 3226 Evasisse
253 3159 350 3221 viam:
375 3158 471 3220 subito
488 3180 579 3240 quum
594 3159 700 3221 creber
711 3159 750 3221 ad
764 3179 852 3221 aures

97 3248 190 3311 Visus
206 3245 309 3307 adesse
325 3241 434 3322 pedum
450 3244 573 3322 sonitus,
589 3245 765 3326 genitorque
780 3265 835 3327 per
849 3243 985 3304 umbram

98 3330 296 3414 ProspicienS,
312 3325 406 3404 Nate,
421 3328 578 3407 exclamat,
593 3329 676 3410 fuge,
691 3334 784 3404 nate3
807 3328 1017 3412 propinquant.

96 3418 251 3482 Ardentes
266 3414 387 3495 clypeos
402 3416 493 3492 atque
509 3433 579 3474 aera
592 3414 733 3476 micantia
747 3433 847 3476 cerno.

97 3505 157 3567 Hic
173 3501 244 3564 mihi
258 3496 359 3560 nescio
374 3495 453 3577 quod
469 3497 585 3578 trepido
599 3499 676 3560 male
690 3518 802 3560 numen
817 3497 946 3560 amicum

98 3589 258 3652 Confusam
274 3581 383 3664 eripuit
397 3586 537 3643 mentem.
582 3583 722 3665 Namque
737 3583 804 3644 avia
819 3603 909 3645 cursu

96 3675 177 3736 Dum
193 3690 311 3752 sequor,
328 3672 359 3728 et
372 3672 444 3728 nota
459 3667 571 3730 excedo
586 3669 707 3749 regione
722 3668 848 3746 viarum,

95 3759 168 3821 Heu
181 3756 188 3821 l
212 3756 319 3818 misero
334 3751 441 3834 conjux
456 3752 557 3815 fatone
573 3759 677 3836 erepta
693 3751 808 3816 Creusa
