2496 4334
453 278 615 328 AENEIDOS
636 280 701 327 ΠΒ.
728 280 776 328 XI·

100 432 390 516 Quadrupedemque
407 433 499 496 citum
513 433 626 496 ferrata
640 433 722 496 culce
737 433 855 516 fatigat.

97 519 130 584 V
131 539 187 581 ane
203 518 307 600 Ligus,
323 518 494 600 frustraque
510 519 614 580 animis
630 520 708 581 elate
724 519 870 601 superbie,

97 601 313 686 Nequidquam
327 603 439 685 patrias
454 604 577 666 tentasti
591 603 723 665 lubricus
738 610 830 682 artes,

97 686 131 749 N
132 709 166 750 ec
182 689 264 750 fraus
279 695 309 750 te
324 689 502 750 incolumem
515 688 614 750 fallaci
629 688 762 770 perferet
776 687 878 751 Auno.

97 771 186 835 Haec
201 774 283 836 fatur
296 773 392 854 virgo,
408 780 440 834 et
453 773 623 855 pernicibus
638 773 727 854 ignea
742 773 851 856 plantis

98 856 218 920 Transit
233 878 343 939 equum
359 878 459 936 cursu,
474 858 626 939 frenisque
641 857 768 920 adversa
779 857 933 940 prehensis
982 866 985 873 '

98 940 300 1024 congreditur
314 963 483 1025 poenasque
498 943 615 1005 inimico
631 963 668 1004 ex
683 943 827 1024 sanguine
843 942 942 1005 sumit.
1090 962 1137 1011 720

97 1022 196 1098 Quam
209 1026 298 1088 facile
314 1027 457 1109 accipiter
472 1048 542 1090 saxo
557 1047 644 1090 sacer
660 1028 722 1088 ales
737 1028 774 1089 ab
790 1028 850 1089 alto

98 1110 299 1194 Consequitur
313 1112 417 1194 pennis
433 1113 588 1176 sublimem
601 1112 633 1174 in
647 1112 726 1173 nube
743 1111 919 1189 columbam,

98 1195 369 1279 Comprensamque
385 1202 480 1275 tenet,
495 1197 679 1280 pedibusque
696 1196 843 1259 eviscerat
857 1197 963 1273 uncis3

97 1280 174 1343 Tum
189 1302 277 1344 cruor
292 1286 322 1343 et
338 1282 438 1344 vulsae
453 1282 595 1344 labuntur
610 1282 647 1344 ab
663 1282 784 1344 aethere
800 1283 929 1364 plumae.

70 1358 78 1370 ⁹
139 1365 185 1428 At
198 1387 258 1429 non
272 1365 346 1428 haec
361 1367 449 1428 nullis
463 1367 615 1429 hominum
627 1373 707 1428 sator
722 1374 812 1449 atque
829 1366 952 1428 deorum
1088 1385 1136 1432 725

99 1450 270 1514 Observans
285 1450 377 1513 oculis
392 1472 504 1513 summo
520 1451 606 1514 sedet
620 1452 698 1514 altus
715 1449 854 1534 Olympo.

97 1535 287 1618 Tyrrhenum
301 1536 418 1619 genitor
432 1536 618 1599 Tarchonem
632 1536 664 1598 in
679 1536 792 1619 proelia
806 1556 897 1599 saeva

100 1618 244 1700 Suscitat,
260 1629 291 1684 et
301 1621 426 1685 stimulis
441 1622 523 1684 haud
537 1622 673 1684 molhbus
687 1621 782 1704 injicit
796 1621 867 1683 iras.

98 1705 181 1787 Ergo
195 1706 274 1769 inter
290 1706 397 1769 caedes
413 1707 610 1789 cedentiaque
622 1706 742 1788 agmina
753 1706 892 1769 Tarchon

97 1790 209 1853 Fertur
223 1812 312 1873 equo,
326 1791 475 1875 variisque
490 1792 613 1874 instigat
627 1791 749 1856 vocibus
764 1792 838 1869 alas,
1088 1808 1135 1856 730

98 1874 226 1938 Nomine
242 1897 390 1958 quemque
405 1897 526 1954 vocans,
541 1876 696 1959 reficitque
712 1876 743 1938 in
758 1876 870 1960 proelia
883 1875 994 1958 pulsos.

99 1959 173 2032 Quis
188 1968 296 2039 metus,
311 1983 328 2024 o
343 1982 506 2043 numquam
520 1961 650 2038 dohturi,
665 1983 682 2024 o
697 1982 814 2043 semper
827 1961 940 2024 inertes

98 2045 257 2128 Tyrrheni,
269 2067 346 2128 quae
363 2052 449 2108 tanta
463 2047 568 2109 animis
582 2046 702 2128 ignavia
717 2044 822 2110 venit?

97 2129 223 2192 Femina
237 2132 372 2213 palantes
384 2131 458 2213 agit,
473 2137 563 2214 atque
577 2132 652 2193 haec
668 2130 788 2212 agmina
802 2127 919 2192 vertit?

99 2213 165 2287 Quo
180 2216 304 2292 ferrum,
319 2216 428 2299 quidve
442 2217 518 2278 haec
534 2216 664 2297 gerimus
679 2216 740 2278 tela
753 2215 838 2277 irrita
853 2211 991 2277 dextris?
1087 2231 1135 2281 735

96 2299 143 2362 Αο
156 2321 215 2362 non
230 2300 261 2362 in
276 2300 428 2364 Venerem
443 2321 551 2382 segnes
565 2307 771 2382 nocturnaque
786 2301 876 2380 bella,

97 2384 174 2462 Aut,
189 2385 241 2447 ubi
256 2406 348 2448 curva
362 2387 466 2448 choros
481 2385 587 2447 indixit
600 2384 673 2447 tibia
688 2384 813 2462 Bacchi,

98 2468 283 2551 Exspectare
300 2470 391 2553 dapes
407 2477 438 2532 et
453 2472 559 2552 plenae
573 2471 681 2552 pocula
694 2489 814 2531 mensae
827 2503 869 2515 —

98 2554 158 2615 Hie
175 2575 267 2633 amor,
282 2556 337 2617 hoc
353 2555 535 2617 studium—
544 2554 616 2616 dum
630 2575 716 2617 sacra
730 2554 880 2616 secundus
894 2552 1045 2637 haruspex

97 2638 238 2717 Nuntiet,
254 2660 288 2702 ac
303 2641 386 2702 lucos
399 2646 486 2702 vocet
500 2639 597 2701 hostia
611 2639 729 2722 pinguis
744 2639 776 2700 in
790 2639 875 2701 altos.
1087 2657 1135 2704 740

98 2722 185 2786 Haec
202 2724 318 2801 effatus,
334 2745 444 2806 equum
458 2725 490 2786 in
504 2723 627 2802 medios,
643 2723 803 2786 moriturus
819 2723 939 2805 etipse,

100 2807 249 2886 Concitet,
259 2816 291 2870 et
302 2809 421 2872 Venulo
437 2809 596 2871 adversum
610 2829 642 2870 se
659 2807 796 2870 turbidus
811 2807 907 2885 offert,

98 2892 324 2975 Dereptumque
340 2894 377 2956 ab
393 2915 470 2976 equo
486 2893 813 2975 dextracomplectitur
826 2893 954 2971 hostem,

99 2977 141 3039 Et
156 2978 302 3058 gremium
316 2985 385 3040 ante
401 2999 487 3040 suum
502 2979 596 3040 multa
608 2977 638 3039 vi
654 2978 786 3040 concitus
797 2978 906 3039 aufert.

98 3062 225 3124 Tollitur
237 3063 269 3125 in
284 3064 399 3126 coelum
413 3064 535 3141 clamor,
550 3062 710 3144 cunctique
726 3061 826 3122 Latini
1088 3079 1136 3128 745

100 3146 282 3210 Convertere
294 3147 404 3210 oculos.
451 3147 544 3211 Volat
557 3147 663 3228 igneus
675 3167 803 3229 aequore
816 3145 964 3223 Tarchon,

97 3232 196 3294 Arma
206 3233 361 3314 virumque
376 3233 496 3308 ferens;
519 3239 584 3294 tum
599 3252 713 3294 summa
727 3231 819 3314 ipsius
834 3231 871 3293 ab
886 3232 974 3293 hasta

98 3316 251 3398 Defringit
265 3318 388 3395 ferrum,
405 3323 436 3379 et
450 3324 550 3399 partes
565 3316 691 3378 rimatur
706 3323 836 3399 apertas,

100 3399 168 3473 Qua
179 3403 286 3464 vulnus
300 3403 389 3486 letale
404 3402 502 3477 ferat3
526 3407 630 3464 contra
643 3401 692 3464 ille
708 3422 878 3484 repugnans

101 3484 236 3549 Sustinet
251 3508 270 3549 a
281 3487 388 3569 jugulo
404 3487 551 3564 dextram,
567 3492 598 3548 et
615 3485 675 3547 vim
689 3486 800 3549 viribus
815 3487 887 3548 exit.
1088 3501 1135 3549 750

99 3570 204 3652 thue
220 3573 321 3632 volans
337 3572 396 3633 alte
412 3579 529 3653 raptum
545 3591 636 3654 quum
650 3571 733 3632 fulva
748 3571 908 3632 draconem

98 3654 173 3716 Fert
188 3657 298 3737 aquila,
313 3656 517 3739 imphcuitque
532 3655 635 3738 pedes,
651 3660 741 3737 atque
757 3655 906 3734 unguibus
919 3651 1017 3715 haesit
1030 3671 1038 3728 ;

100 3737 227 3804 Saucius
243 3749 275 3804 at
289 3761 412 3824 serpens
427 3742 546 3804 sinuosa
561 3739 710 3804 volumina
724 3744 836 3817 versat,
