2496 4334
446 277 607 325 snumnos
631 279 696 325 mn.
722 279 785 325 xn.
1075 260 1137 327 315

97 430 224 493 Balteus
240 435 272 492 et
285 430 413 494 laterum
422 433 582 515 juncturas
598 432 691 495 fibula
706 431 835 512 mordet,

98 515 266 598 Egregium
279 515 375 578 forma
384 516 527 598 juvenem
542 524 573 578 et
586 517 769 598 fulgentibus
784 517 885 596 armis,
1090 535 1138 584 275

98 600 291 682 Transadigit
305 609 415 680 costas,
430 603 572 684 fulvaque
588 601 713 664 effimdit
728 623 830 665 arena.

97 685 144 747 At
157 685 278 762 fratres,
294 686 425 748 animosa
439 687 568 769 phalanx
583 707 770 770 accensaque
784 686 880 763 luctu,
1070 767 1072 770 Ι

98 770 176 833 Pars
192 770 306 853 gladios
321 771 471 853 stringunt
485 773 633 850 manibus,
648 792 717 855 pars
731 771 840 834 missile
855 771 968 833 ferrum

100 854 284 937 Corripiunt,
299 856 440 937 caecique
455 863 557 919 ruunt.
603 853 685 929 Quos
700 857 819 939 agmina
834 861 938 918 contra

99 940 287 1002 Procurrunt
300 939 485 1003 Laurentum
498 961 506 1016 3
527 942 596 1003 hinc
613 942 697 1004 densi
711 961 814 1003 rursus
827 936 977 1003 immdant

100 1025 193 1087 Troes
207 1025 403 1108 Agyllinique
421 1031 453 1088 et
467 1026 553 1108 pictis
568 1026 706 1088 Arcades
721 1025 820 1088 armis.

102 1108 153 1172 Sic
168 1130 270 1172 omnes
285 1131 368 1173 amor
382 1131 460 1172 unus
475 1112 566 1173 habet
581 1111 743 1173 decernere
760 1110 850 1172 ferre.

100 1194 261 1276 Diripuere
276 1215 344 1258 aras
357 1215 365 1272 ;
387 1196 412 1258 it
425 1201 488 1258 toto
502 1195 622 1258 turbida
639 1196 720 1258 coelo

100 1279 276 1361 Tempestas
291 1282 429 1358 telorum,
445 1301 480 1343 ac
495 1280 612 1344 ferreus
627 1280 740 1362 ingruit
754 1279 859 1356 imber,

102 1363 302 1447 Craterasque
317 1365 456 1447 focosque
471 1364 583 1427 fenmt.
627 1365 720 1447 Fugit
734 1364 797 1447 ipse
813 1362 950 1443 Latinus,

100 1448 244 1512 Pulsatos
256 1450 389 1512 referens
403 1450 514 1513 infecto
528 1449 649 1513 foedere
664 1451 757 1513 divos.

101 1533 262 1596 Infrenant
276 1535 326 1597 alii
340 1555 458 1615 currus,
473 1541 526 1597 aut
538 1555 662 1618 corpora
676 1536 755 1598 saltu

104 1617 273 1702 Subjiciunt
286 1620 318 1682 in
333 1640 436 1702 equos,
452 1626 483 1683 et
497 1621 608 1683 strictis
623 1621 743 1684 ensibus
759 1619 879 1683 adsunt.

102 1703 262 1787 Messapus
277 1726 390 1786 regem,
405 1706 544 1788 regisque
559 1705 675 1787 insigne
691 1711 857 1787 gerentem,

102 1789 291 1873 Tyrrhenum
305 1788 465 1869 Aulesten,
480 1790 584 1853 avidus
601 1790 781 1853 confundere
797 1790 913 1870 foedus,

102 1873 242 1937 Adverso
256 1880 406 1957 proterret
421 1895 519 1958 equo;
542 1875 603 1938 ruit
617 1876 667 1938 ille
683 1874 840 1955 recedens,

104 1959 145 2020 Et
158 1959 249 2022 miser
262 1960 402 2042 oppositis
416 1981 435 2022 a
450 1966 535 2042 tergo
549 1961 709 2023 involvitur
724 1960 783 2022 aris

102 2043 141 2106 In
156 2051 246 2127 caput
260 2045 350 2126 inque
365 2046 514 2107 humeros.
558 2045 604 2107 At
618 2046 750 2107 fervidus
765 2045 883 2108 advolat
899 2045 987 2108 hasta

102 2128 272 2212 Messapus,
287 2130 406 2211 teloque
422 2135 556 2193 orantem
569 2131 664 2192 multa
679 2130 785 2192 trabali

102 2214 241 2296 Desuper
256 2214 334 2276 altus
349 2236 426 2297 equo
441 2215 574 2296 graviter
587 2215 668 2293 ferit,
684 2221 775 2298 atque
790 2215 833 2278 ita
846 2214 946 2277 fatur:

101 2299 171 2362 Hoc
186 2299 287 2376 habet,
301 2299 376 2361 haec
393 2300 497 2361 melior
510 2300 626 2381 magnis
641 2300 713 2362 data
726 2300 847 2363 victima
858 2299 943 2363 divis.

104 2383 293 2446 Concurrunt
307 2383 388 2463 Itali,
402 2385 587 2466 spoliantque
602 2385 731 2447 calentia
744 2385 887 2448 membra.

104 2468 216 2530 Obvius
232 2470 400 2531 ambustum
415 2475 526 2530 torrem
542 2467 715 2553 Corynaeus
731 2469 768 2532 ab
783 2490 837 2531 ara

104 2553 243 2636 Corripit,
259 2560 290 2616 et
304 2553 437 2615 venienti
451 2553 553 2616 Ebuso
565 2555 743 2636 plagamque
757 2553 867 2616 ferenti

103 2637 241 2720 Occupat
255 2659 287 2700 os
302 2638 446 2700 flammis:
470 2639 519 2700 olli
533 2639 639 2721 ingens
652 2640 745 2702 barba
760 2639 880 2717 reluxit,

102 2723 305 2805 Nidoremque
321 2724 457 2785 ambusta
471 2723 554 2786 dedit
567 2743 575 2799 ;
598 2745 688 2806 super
702 2724 765 2807 ipse
781 2730 902 2788 secutus

103 2808 273 2871 Caesariem
286 2810 374 2871 laeva
387 2809 499 2871 turbati
514 2809 635 2892 corripit
649 2810 753 2888 hostis,

101 2894 310 2976 Impressoque
326 2914 406 2975 genu
419 2895 518 2956 nitens
533 2900 631 2956 terrae
648 2895 778 2976 applicat
791 2893 908 2976 ipsum:

104 2978 154 3041 Sic
170 2978 265 3060 rigido
280 2979 358 3041 latus
374 2999 444 3041 ense
459 2979 539 3041 ferit.
585 2979 751 3042 Podalirius
767 2978 887 3059 Alsum,

101 3064 268 3141 Pastorem,
283 3065 437 3146 primaque
453 3064 517 3126 acie
533 3084 588 3145 per
601 3065 663 3126 tela
676 3070 826 3142 ruentem,

102 3148 183 3210 Ense
198 3169 326 3231 sequens
341 3148 421 3211 nudo
436 3148 681 3232 superimminet3
703 3148 753 3210 ille
768 3147 867 3210 securi

100 3233 232 3295 Adversi
246 3234 374 3296 frontem
388 3233 517 3295 mediam
530 3241 722 3316 mentumque
737 3232 863 3296 reducta

101 3318 231 3401 Disjieit,
247 3325 278 3381 et
293 3339 395 3401 sparso
408 3319 470 3380 late
487 3319 566 3399 rigat
581 3339 664 3381 arma
678 3338 793 3381 cruore.

103 3402 163 3464 Olli
180 3403 256 3465 dura
271 3404 355 3485 quies
370 3404 469 3464 oeulos
485 3409 516 3465 et
530 3404 646 3465 ferreus
661 3409 771 3485 urguet

104 3485 231 3549 Somnus
245 3509 253 3564 ;
274 3489 306 3551 in
321 3493 475 3550 aeternam
490 3488 670 3549 clauduntur
683 3489 796 3550 lumina
810 3493 938 3551 noctem.

144 3571 189 3634 At
204 3573 270 3654 pius
285 3572 407 3635 Aeneas
422 3572 559 3634 dextram
573 3572 716 3634 tendebat
729 3573 874 3635 inermem

102 3657 226 3720 Nudato
242 3658 350 3741 capite,
366 3662 456 3739 atque
468 3678 536 3720 suos
552 3658 679 3719 elamore
694 3656 838 3718 vocabat:

103 3741 169 3816 Quo
184 3743 281 3823 ruitis,
296 3762 411 3826 quaeve
426 3742 484 3805 ista
499 3762 607 3826 repens
622 3740 769 3804 discordia
783 3739 905 3824 surgit?
