2496 4334
47 39 169 145 x<

445 311 474 356 P.
500 309 642 356 VIRGILII
665 308 810 354 MARONIS

96 465 224 544 Ictibus,
240 471 272 528 et
286 486 391 549 sparsa
406 466 444 528 ad
458 486 593 549 pugnam
607 464 739 549 proludit
754 485 858 528 arena.

96 552 181 631 Post,
197 553 249 614 ubi
265 554 427 615 collectum
441 553 533 615 robur
547 552 686 634 viresque
702 551 847 631 refectae,
1098 570 1147 619 035

99 637 194 720 Signa
208 644 320 717 movet,
336 658 542 722 praecepsque
558 639 682 700 oblitum
697 638 795 700 fertur
809 632 993 701 in'hostem:

97 725 223 787 Fluctus
239 725 283 786 u'ti
298 724 396 787 medio
412 726 510 808 coepit
526 722 595 787 cum
610 724 762 786 albescere
778 730 881 806 ponte,

97 810 230 892 Longius
246 832 283 872 ex
299 811 419 894 altoque
436 811 533 874 sinum
548 810 660 872 trahit:
684 816 791 892 utque,
807 811 926 872 volutus

96 896 149 958 Ad
165 904 273 976 terras,
288 897 417 959 immane
433 904 519 960 sonat
535 917 687 980 persana,
703 917 801 978 neque
815 896 881 979 ipso

97 982 201 1045 Monte
217 983 314 1044 minor
328 984 497 1065 procumbit
511 1003 518 1058 ;
543 989 575 1045 01
589 983 650 1044 ima
665 988 823 1044 exaestuat
837 981 920 1044 unda
1098 1000 1147 1049 240

96 1069 283 1147 Vorticibus,
298 1069 476 1152 nigramque
492 1071 552 1132 alte
568 1070 719 1153 subjectat
734 1089 867 1130 arenam.
1072 1081 1147 1125 ff

115 1133 145 1191 s
143 1153 240 1216 Omne
256 1155 332 1217 adeo
348 1177 444 1238 genus
458 1156 490 1217 in
505 1155 594 1218 terris
609 1155 820 1237 hominumque
836 1153 1040 1234 ferarumque,

97 1241 139 1303 Et
154 1262 249 1323 genus
265 1262 459 1323 aequoreum,
474 1242 619 1324 pecudes,
635 1243 795 1324 pictaeque
810 1241 959 1318 volueres,

96 1327 135 1389 In
149 1327 243 1389 furias
258 1328 418 1410 ignemque
434 1335 546 1390 ruunt:
564 1349 656 1412 Qu
670 1326 911 1410 cmmbmssem

97 1413 318 1506 qurpqrapnon
329 1415 395 1518 0110
404 1415 574 1509 cptqlprum
590 1408 682 1476 oblita
690 1407 803 1476 1000110
1046 1464 1048 1468 .
1098 1427 1146 1474 245

99 1488 358 1565 Saevior'errtut
368 1500 480 1583 campis
494 1520 501 1575 3
525 1522 582 1562 nee
597 1500 706 1562 funera
722 1500 811 1581 tulgo

99 1584 175 1647 Tam
189 1585 284 1647 multa
299 1586 439 1648 informes
454 1587 517 1649 ursi
532 1593 725 1669 stragemque
741 1585 853 1648 dedere
1060 1607 1086 1672 ,a
1106 1616 1108 1625 ¹

98 1672 160 1734 Per
175 1671 284 1747 silvas;
307 1678 372 1734 tum
387 1693 495 1735 saevus
511 1694 595 1756 aper,
612 1683 676 1734 tum
690 1672 820 1755 pessima
834 1670 931 1754 tigris.

98 1758 172 1821 Heu
185 1756 192 1822 1
215 1759 293 1820 male
309 1765 374 1820 tum
388 1758 503 1843 Libyae
519 1760 588 1822 solis
604 1765 723 1821 erratur
737 1758 769 1820 in
785 1757 875 1840 agris.
1019 1818 1021 1823 ,

98 1843 209 1907 Nonne
224 1844 319 1923 vides,
335 1851 448 1908 011010
464 1852 575 1908 tremor
589 1850 744 1929 pertentet
758 1864 903 1927 equorum
1098 1860 1147 1910 250

100 1929 245 2014 Corpora,
260 1931 287 1993 si
302 1937 419 1993 tantum
433 1938 520 1994 notas
535 1932 609 1995 odor
624 1932 725 1994 attulit
740 1951 829 1993 auras
840 1929 853 1992 1
864 1938 878 2035 s

95 2008 147 2080 ’Κο
162 2038 260 2099 neque
277 2038 327 2080 eos
337 2018 402 2101 jam
417 2018 504 2081 frena
519 2019 627 2097 virum,
642 2039 741 2102 neque
757 2016 885 2079 verbera
899 2035 1002 2096 saeva,

99 2101 171 2165 Non
186 2103 300 2187 scopuli
315 2125 465 2187 rupesque
482 2126 585 2183 cavae,
601 2111 692 2187 atque
708 2104 826 2187 objecta
841 2103 999 2166 retardant

98 2189 250 2268 Flumina,
266 2197 478 2273 correptosque
494 2191 576 2253 unda
592 2191 762 2274 torquentia
776 2195 903 2252 montes.

99 2274 171 2358 Ispe
187 2276 249 2338 ruit
264 2275 430 2358 dentesque
449 2275 615 2340 Sabellicus
631 2277 751 2339 exacuit
766 2297 827 2355 sus,
1098 2291 1147 2340 255

100 2362 143 2424 Et
156 2361 234 2445 pede
250 2362 417 2445 prosubigit
431 2369 555 2442 terram,
570 2364 660 2426 fricat
675 2363 781 2425 arbore
798 2366 907 2440 costas,

99 2449 206 2530 Atque
221 2448 291 2511 hinc
308 2455 399 2531 atque
414 2449 495 2512 illinc
510 2451 650 2513 humeros
666 2450 705 2512 ad
720 2449 845 2511 vulnera
860 2447 960 2509 durat.

100 2533 181 2608 Quid
191 2535 323 2618 juvenis,
339 2557 482 2618 magnum
497 2537 546 2599 cui
561 2542 662 2599 versat
675 2536 707 2598 in
722 2535 837 2598 ossibus
850 2535 953 2616 ignem

100 2621 204 2684 Durus
219 2621 327 2684 amor?
364 2622 642 2712 Qpeabruptis
658 2622 779 2684 turbata
793 2621 932 2705 procellis

100 2708 201 2770 Nocte
216 2714 302 2770 natat
317 2728 409 2771 00000
423 2729 508 2771 10101
523 2702 615 2771 freta'
648 2730 738 2791 quern
753 2729 845 2791 super
857 2707 965 2790 ingens
1099 2724 1148 2774 260

99 2794 194 2856 Porta
209 2799 295 2856 tonat
309 2794 396 2872 coeli,
412 2801 444 2857 et
458 2796 586 2878 scopulis
602 2796 608 2808 ‘
634 2795 679 2857 isa
693 2795 860 2857 reclamant

99 2880 246 2962 Aequora
259 2899 267 2955 ;
290 2901 347 2942 nec
362 2880 463 2942 miseri
478 2887 602 2963 possunt
616 2902 758 2944 revocare
774 2891 927 2964 parentes,

99 2966 131 3028 N
133 2987 168 3029 ec
183 2966 328 3028 moritura
343 2987 434 3049 super
449 2966 564 3028 crudeli
578 2968 684 3030 funere
700 2968 795 3049 virgo.

100 3052 181 3127 Quid
196 3053 302 3136 lynces
317 3051 432 3115 Bacchi
447 3053 560 3132 variae,
576 3060 608 3115 et
623 3074 718 3136 genus
734 3074 803 3116 acre
818 3053 968 3135 luporum,

99 3140 204 3221 Atque
223 3137 356 3201 canum?
381 3139 464 3222 quid,
480 3161 558 3222 quae
573 3140 699 3202 inbelles
714 3140 789 3202 dant
802 3139 917 3224 proeha
931 3135 1040 3202 cervi?
1100 3157 1149 3206 265

102 3223 225 3288 Scilicet
240 3231 310 3287 ante
327 3247 429 3287 omnes
444 3226 528 3288 furor
544 3232 590 3289 est
605 3226 729 3309 insignis
745 3247 890 3309 equarum
898 3246 907 3302 ;

100 3311 142 3374 Et
156 3317 288 3372 mentem
303 3309 411 3373 Venus
425 3311 491 3394 ipsa
507 3312 601 3392 dedit,
617 3334 676 3396 quo
691 3320 825 3396 tempore
842 3311 951 3375 Glauci

100 3397 263 3459 Potniades
278 3397 363 3459 malis
378 3399 513 3460 membra
528 3400 700 3462 absumsere
716 3399 891 3482 quadrigae.

99 3484 174 3547 Illas
190 3483 274 3545 ducit
288 3504 371 3546 amor
385 3491 469 3546 trans
486 3483 636 3568 Gargara,
652 3493 794 3567 transque
810 3491 966 3547 sonantem

98 3569 267 3632 Ascanium
279 3590 286 3645 ;
310 3577 455 3653 superant
468 3578 596 3648 montes,
612 3579 644 3633 et
657 3572 780 3632 fiumina
795 3568 955 3650 tranant.)
1101 3588 1150 3637 270

102 3655 322 3739 Continuoque,
338 3657 433 3720 avidis
448 3657 499 3719 ubi
515 3657 636 3720 subdita
650 3657 769 3719 flamma
783 3657 973 3720 medullis-

100 3741 184 3805 Vere
198 3743 305 3824 magis,
322 3743 478 3826 quia-uere
494 3743 576 3804 calor
591 3743 670 3805 redit
685 3742 799 3805 ossibus
812 3743 931 3806 -illae

102 3826 166 3892 Ora
180 3849 282 3891 omnes
297 3849 402 3892 versae
416 3829 449 3891 in
463 3828 635 3914 Zephyrum
650 3835 731 3892 stant
747 3829 870 3912 rupibus
886 3830 965 3909 altis,
