2496 4334
459 260 620 308 hnnnmos
641 261 707 308 ΗΒ.
734 261 773 308 11.

107 409 359 497 conjugiumque,
375 413 564 496 domumque,
581 419 693 496 patres,
708 419 855 497 natosque
872 414 996 495 videbit,

104 494 236 558 Iliadum
250 500 339 562 turba
352 504 384 561 et
397 499 539 582 Phrygiis
554 500 695 562 comitata
708 499 849 562 ministris
862 499 875 562 ?

106 579 261 645 Occiderit
274 584 354 646 ferro
370 584 507 646 Priamus
520 582 533 646 ἲ
556 584 645 667 Troja
660 584 767 646 arserit
780 584 842 666 igni
855 584 868 648 l

104 664 292 730 Dardanium
307 670 395 731 toties
409 669 525 731 sudarit
539 669 684 751 sanguine
699 670 768 731 litus
782 669 794 730 ?

104 750 137 810 N
138 772 176 812 on
191 752 259 815 ita?
282 774 422 836 namquo,
438 754 494 816 etsi
509 756 623 816 nullum
637 755 827 817 memorabile
842 776 951 818 nomen

103 835 248 900 Feminea
261 838 292 900 in
307 861 403 922 poena
417 846 532 902 estnec
547 841 639 902 habet
653 840 777 902 victoria
790 840 921 920 laudem,

104 920 276 985 Extinxisse
290 925 375 987 nefas
390 931 502 1003 tamen,
518 931 549 987 et
564 925 722 1008 sumpsisse
739 927 880 988 merentis

104 1005 265 1070 Laudabor
279 1030 410 1092 poenas3
433 1009 623 1092 animumque
639 1011 772 1092 explesse
783 1011 903 1093 juvabit

74 1152 78 1159 .
103 1091 230 1154 Ultricis
244 1094 390 1174 flammae,
407 1100 438 1157 et
453 1095 567 1157 eineres
582 1095 705 1157 satiasse
720 1116 864 1157 meorum.

103 1176 193 1239 Talia
202 1178 367 1260 jactabam,
383 1186 414 1242 et
428 1180 540 1242 furiata
553 1186 653 1242 mente
668 1180 787 1242 ferebar
800 1199 808 1255 3

104 1259 205 1333 Quum
219 1263 292 1325 mihi
305 1285 349 1344 se,
364 1286 424 1327 non
438 1271 507 1327 ante
520 1265 612 1327 oculis
627 1271 689 1326 tam
704 1266 795 1342 clara,
812 1264 973 1326 ridendam

104 1345 234 1427 Obtulit,
250 1355 281 1411 et
295 1371 371 1431 pura
384 1355 571 1432 pernoctem
585 1350 617 1412 in
631 1351 698 1412 luce
714 1351 830 1411 refulsit

101 1432 196 1494 Alma
211 1453 331 1516 parens,
347 1435 482 1498 confessa
497 1435 595 1512 deam,
611 1436 765 1517 qualisque
780 1434 876 1497 videri

103 1515 260 1581 coelicolis
275 1526 306 1582 et
320 1526 433 1602 quanta
447 1521 522 1583 solet
534 1540 543 1596 ;
566 1522 732 1602 dextraque
747 1521 927 1602 prehensum

103 1600 268 1681 Continuit‚
284 1626 427 1689 roseoque
441 1605 516 1668 haec
531 1607 653 1688 insuper
668 1605 783 1668 addidit
797 1626 868 1667 ore:

101 1687 197 1766 Nate,
213 1689 279 1771 quis
292 1690 449 1754 indomitas
464 1697 565 1754 tantus
580 1691 663 1753 dolor
678 1691 789 1753 excitat
802 1689 884 1753 iras?

103 1772 184 1845 Quid
199 1774 298 1837 furis?
322 1782 375 1838 aut
389 1797 518 1858 quonam
532 1776 625 1838 nostri
639 1776 694 1838 tibi
709 1796 781 1838 eura
798 1774 948 1838 recess‘t?

101 1857 175 1920 Non
189 1859 271 1942 prius
286 1861 443 1943 adspicies,
458 1861 509 1923 ubi
523 1862 635 1925 fessum
650 1867 748 1924 aetate
764 1867 919 1943 parentem

100 1943 240 2026 Liqueris
256 1943 434 2008 Anchisen?
456 1952 579 2029 superet
594 1948 739 2030 conjuxne
756 1945 881 2024 Creusa,

99 2028 312 2112 Ascaniusque
328 2030 428 2114 puer?
452 2053 526 2114 quos
541 2053 642 2094 omnes
657 2032 790 2113 undique
806 2029 916 2094 Graiae

101 2113 225 2176 Circum
240 2123 341 2178 errant
355 2117 447 2196 acies,
463 2125 504 2195 et,
518 2117 550 2178 ni
565 2137 633 2179 mea
648 2137 721 2179 eura
735 2116 866 2194 resistat,

99 2199 122 2261 J
122 2221 173 2262 am
187 2201 322 2264 flammae
338 2202 471 2279 tiderint
486 2203 622 2264 inimicus
637 2207 669 2264 et
682 2201 815 2264 hauserit
829 2201 918 2264 ensis.

99 2284 173 2347 Non
187 2285 242 2346 tibi
255 2287 435 2370 Tyndaridis
449 2287 543 2350 facies
557 2288 652 2349 invisa
666 2287 835 2365 Lacaenae,

101 2368 285 2452 Culpatusve
298 2372 384 2434 Paris
398 2392 406 2448 ;
429 2372 529 2434 divum
544 2373 744 2451 inclementia,
760 2371 872 2450 divum,

99 2455 166 2518 Has
183 2458 292 2519 evertit
306 2479 388 2539 opes,
403 2458 567 2540 sternitque
583 2479 602 2520 a
616 2458 743 2519 culmine
759 2456 887 2540 'frojam
925 2477 1027 2549 ,ww

99 2540 255 2623 Adspice:
278 2563 407 2625 namque
423 2564 550 2621 omnem,
568 2563 644 2625 quae
658 2564 738 2605 nunc
754 2542 884 2605 obducta
898 2540 995 2604 tuenti
1026 2534 1033 2552 ⁸

98 2625 245 2689 Mortales
260 2628 382 2691 hebetat
396 2628 476 2691 visus
491 2628 555 2706 tibi,
571 2635 602 2690 et
616 2628 738 2690 humida
754 2627 867 2690 circum

100 2711 231 2793 Caligat,
245 2714 355 2775 nubem
370 2714 512 2796 eripiam:
536 2719 571 2775 tu
585 2734 623 2774 ne
639 2735 699 2795 qua
714 2713 846 2796 parentis

98 2796 120 2858 J
121 2818 192 2860 ussa
207 2798 288 2876 time,
301 2819 362 2860 neu
376 2798 544 2881 praeceptis
559 2819 664 2880 parere
680 2818 796 2860 recusa.

98 2881 172 2960 Hie,
187 2883 239 2945 ubi
253 2883 393 2966 disjectas
407 2885 510 2962 moles,
527 2885 688 2967 avulsaque
703 2882 782 2946 saxis
818 2910 826 2926 r

101 2967 185 3030 Saxa
200 2968 294 3047 videa,
309 2969 460 3051 mixtoque
476 2969 639 3031 undantem
654 2969 776 3050 pulvere
791 2968 917 3049 fumum,

98 3052 261 3136 Neptunus
275 3075 375 3116 muros
389 3075 557 3136 magnoque
573 3061 670 3115 emota
684 3052 807 3115 tridenti

97 3137 308 3202 Fundamenta
322 3138 429 3221 quatit,
444 3146 596 3221 totamque
612 3139 648 3201 ab
667 3138 787 3201 sedibus
805 3141 910 3204 urbem

98 3224 196 3286 Emit.
243 3225 302 3286 Hic
317 3225 339 3286 J
341 3246 400 3287 uno
417 3223 528 3287 Scaeas
543 3224 714 3286 saevissima
728 3229 828 3307 portas

98 3309 201 3371 Prima
216 3315 309 3388 tenet,
325 3309 496 3391 sociumque
512 3310 615 3373 furens
630 3331 649 3372 a
664 3310 789 3372 navibus
805 3331 913 3394 agmen

97 3393 191 3456 Ferro
207 3395 343 3456 accincta
357 3401 455 3457 vocat.

96 3480 117 3541 J
118 3501 167 3542 am
183 3501 312 3542 summas
328 3501 413 3542 arces
429 3480 573 3557 Tritonia,
588 3479 716 3562 respice,
731 3480 832 3544 Pallas

97 3565 224 3643 Insedit,
239 3565 337 3626 nimbo
353 3565 497 3647 effulgens
512 3572 543 3627 et
559 3564 698 3646 Gorgone
714 3586 813 3628 saeva.

96 3650 167 3733 Ipse
183 3651 278 3712 Pater
292 3650 407 3712 Danais
423 3652 534 3714 animos
549 3651 687 3732 viresque
703 3651 850 3714 secundas

97 3734 234 3813 Sufficit3
257 3736 320 3819 ipse
336 3736 407 3798 deos
422 3737 453 3798 in
468 3737 613 3799 Dardana
627 3736 751 3797 suscitat
769 3757 862 3798 arma.
