2496 4334
130 284 172 348 74
477 301 505 346 0.
530 267 672 346 umorum
694 299 839 347 umerus

130 454 315 527 Quaeritur:
339 454 408 518 huic
424 454 561 537 geminae
576 474 665 516 nares
681 459 712 516 et
727 452 849 537 spiritus
863 455 922 517 oris
1125 475 1172 522 300

129 541 228 602 Multa
242 541 403 604 reluctanti
418 540 592 618 obstruitur,
608 540 763 623 plagisque
779 547 913 622 peremto

129 626 231 688 Tunsa
245 647 300 709 per
314 628 463 708 integram
477 627 633 688 solvuntur
647 625 764 687 viscera
779 626 897 708 pellem.

131 709 182 773 Sic
197 711 325 793 positum
338 711 370 773 in
386 713 486 773 clauso
500 712 651 794 linquunt,
668 717 699 772 00
713 731 816 773 ramea
831 711 920 773 costis

130 794 300 880 Subjiciunt
313 797 496 879 fragmenta,
511 797 659 879 thymum,
675 796 830 878 casiasque
845 803 993 859 recentes.

129 881 198 945 Hoc
214 882 340 964 geritur,
356 882 494 966 zephyris
509 883 637 965 primum
651 881 872 964 impellentibus
886 881 994 960 undae,
1124 898 1172 946 305

127 965 311 1029 Antenoris
326 967 454 1030 rubeant
468 988 559 1050 quam
573 973 661 1050 prata
676 966 833 1043 coloribuS,
849 973 919 1029 ante

129 1049 260 1114 Gari-ula
275 1073 365 1135 quam
380 1053 471 1136 tignis
485 1052 589 1114 nidum
604 1052 767 1137 suspendat¹
781 1051 919 1114 hirundo.

128 1136 252 1200 Interea
266 1138 378 1200 teneris
393 1139 562 1221 tepefactus
576 1138 608 1199 in
622 1137 737 1200 ossibus
750 1137 858 1199 humor
894 1176 897 1182 ·

126 1221 260 1285 Aestuat
273 1243 281 1298 ;
304 1230 336 1285 et
350 1223 475 1286 visenda
489 1223 584 1285 modis
599 1222 738 1285 animalia
751 1221 846 1301 miris,

128 1307 249 1370 Trunca
263 1308 375 1391 pedum
389 1309 494 1391 primo,
509 1330 578 1370 mox
593 1314 625 1370 00
639 1307 798 1370 stridentia
811 1307 928 1391 pennis,
1121 1323 1168 1376 310

128 1392 308 1472 Miscentur,
324 1400 505 1477 tenuemque
520 1393 616 1476 magis
630 1392 726 1475 magis
741 1394 814 1455 aera
829 1398 957 1476 carpunt
969 1411 978 1469 3

128 1477 245 1558 Donec,
260 1485 295 1540 ut
309 1479 430 1542 aestivis
445 1481 555 1542 effusus
569 1478 698 1540 nubibus
712 1478 818 1556 imber,

128 1563 285 1647 Erupere3
308 1571 361 1626 aut
375 1571 420 1642 ut,
437 1585 529 1628 nervo
535 1565 693 1647 pulsante,
709 1564 850 1646 sagittae,

128 1647 231 1712 Prima
244 1651 326 1712 leves
340 1650 445 1713 meunt
460 1651 485 1712 si
501 1649 620 1733 quando
635 1649 748 1732 proelia
763 1649 879 1712 Parthi.

171 1733 245 1807 Quis
260 1734 335 1797 deus
349 1734 439 1814 hanc,
455 1735 574 1813 Musae,
590 1735 657 1818 quis
672 1734 756 1797 nobis
771 1735 889 1797 extudit
903 1733 1027 1798 artem?
1124 1753 1172 1802 315

129 1819 221 1882 Unde
236 1841 313 1882 nova
328 1821 480 1902 ingressus
494 1821 646 1882 hominum
661 1841 698 1882 ex
719 1819 846 1883 erientia
861 1819 967 1903 cepit?

128 1903 238 1966 Pastor
252 1904 413 1968 Aristaeus
427 1906 546 1988 fugiens
560 1905 677 1968 Peneia
691 1842 816 1988 lempe,

127 1988 267 2069 Amissis,
281 1997 317 2052 00
330 1991 421 2069 fama,
437 1991 542 2073 apibus
556 1991 717 2073 morboque
732 1991 884 2073 fameque,

128 2074 234 2137 Tristis
250 2075 288 2138 ad
304 2077 429 2138 extremi
444 2097 563 2139 sacrum
578 2082 669 2158 caput
684 2075 800 2144 adstitit
815 2075 920 2153 amnis,

128 2159 229 2222 Multa
244 2181 384 2243 querens,
400 2168 490 2244 atque
505 2162 562 2224 hac
578 2162 685 2223 affatus
700 2182 773 2223 voce
789 2166 966 2242 parentem:
1078 2190 1081 2195 ²
1124 2177 1172 2226 32⁰

128 2244 241 2322 Mater,
258 2244 376 2328 Cyrene
391 2254 500 2325 mater,
516 2267 592 2329 quae
608 2247 736 2328 gurgitis
750 2247 838 2329 hujus

128 2329 196 2393 Ima
210 2336 306 2409 tenes,
322 2331 395 2414 quid
408 2353 456 2394 me
472 2333 628 2414 praeclara
642 2332 734 2414 stirpe
750 2331 885 2409 deorum,

131 2413 164 2477 Si
178 2416 276 2493 modo,
292 2437 381 2498 quem
396 2417 546 2500 perhibes,
561 2423 649 2500 pater
664 2423 710 2478 000
725 2416 933 2500 Thymbraeus
947 2414 1070 2499 Apollo,

129 2501 263 2564 Invisum
277 2502 347 2564 fatis
362 2501 518 2584 genuisti?
542 2508 595 2565 aut
610 2523 669 2584 quo
684 2502 737 2563 tibi
751 2502 846 2564 nostri

128 2585 239 2649 Pulsus
254 2586 362 2650 amor?
386 2587 458 2671 quid
473 2609 521 2650 me
537 2588 653 2650 coelum
668 2608 789 2669 sperare
800 2585 956 2671 jubebas?
1124 2602 1172 2651 330

130 2671 179 2733 Εο
194 2673 285 2734 etiam
299 2673 491 2757 hunoipsum
506 2674 585 2735 vitae
600 2673 732 2734 mortalis
747 2672 899 2750 honorem,

94 2709 228 2880 {Quem
241 2759 312 2819 mihi
328 2759 377 2820 vix
391 2759 513 2841 frugum
528 2765 560 2820 et
574 2758 726 2841 pecudum
741 2757 877 2820 custodia
891 2757 995 2820 sollers

131 2839 241 2905 Omnia
255 2844 383 2904 tentanti
399 2844 571 2921 extuderat,
587 2850 617 2905 tc
633 2850 742 2921 matre,
757 2844 903 2924 relinquo.

130 2925 210 3000 Quin
226 2948 294 3008 age,
310 2934 342 2989 et
356 2928 421 3010 ipsa
435 2949 526 2990 manu
540 2929 643 2990 felices
658 2949 730 2990 erue
746 2930 836 2990 silvas
849 2948 857 3002 ;

129 3011 190 3074 Fer
206 3012 329 3075 stabulis
344 3013 495 3076 inimicum
510 3014 622 3095 ignem,
639 3021 728 3094 atque
744 3014 879 3075 interfice
895 3030 1007 3074 messes
1020 3029 1030 3085 3
1126 3029 1173 3077 330

129 3097 193 3160 Ure
209 3105 285 3176 sata,
301 3105 333 3160 ct
348 3099 476 3161 validam
490 3099 521 3160 in
536 3099 612 3161 vitos
627 3098 729 3159 molire
744 3099 921 3180 bipennem:

130 3182 227 3244 {lauta
240 3204 324 3245 meae
341 3184 366 3244 si
381 3190 411 3245 te
427 3190 572 3266 ceperunt
587 3183 688 3245 taedia
701 3183 809 3244 laudis.

130 3266 175 3329 At
189 3274 286 3328 mater
300 3268 429 3330 sonitum
445 3270 574 3330 thalamo
590 3269 644 3330 sub
659 3268 788 3330 fluminis
804 3268 856 3329 alti

131 3350 242 3414 Sensit.
288 3352 365 3414 Eam
381 3353 493 3414 circum
508 3353 627 3415 Milesia
641 3354 755 3415 vellera
769 3352 931 3436 Nymphae

131 3435 313 3520 Carpebant,
328 3437 411 3519 hyali
426 3445 527 3500 saturo
542 3439 645 3501 fucata
660 3439 757 3500 colore
772 3458 780 3513 3
1126 3454 1175 3502 3³5

42 3600 50 3607 Ι
129 3521 316 3604 Drymoque,
331 3523 527 3605 Xanthoque,
543 3523 709 3605 Ligeaque,
725 3521 982 3607 Phyllodoceque,

55 3656 63 3664 ,
131 3604 302 3669 Caesariem
318 3609 428 3671 effirsac
444 3608 568 3670 nitidam
583 3608 782 3691 percandida
797 3609 893 3682 colla;

135 3690 283 3774 [Nesaea
300 3693 443 3777 Spioque,
460 3690 636 3776 Thaliaque,
652 3692 911 3777 Cymodoceque,]

132 3775 341 3861 Cydippeque,
357 3786 388 3842 ct
401 3780 480 3842 flava
494 3778 639 3862 Lycorias
653 3798 661 3854 ;
685 3780 781 3851 altera
796 3780 893 3866 virgo,
