2496 4334
99 276 162 341 134
439 295 468 339 r.
492 293 634 340 vrnsrnrr
656 274 800 340 umoris

101 445 190 509 Stans
206 447 287 510 celsa
300 446 332 509 in
347 447 459 531 puppi:
778 502 793 532 ‚

98 531 150 610 Di,
164 532 255 594 maris
270 539 301 594 et
316 538 415 595 terrae
430 537 701 615 ternpestatnmque
716 537 864 615 potentes,

99 617 191 679 Ferte
207 617 286 680 viam
300 623 390 680 vento
404 618 533 695 facilem,
549 624 585 680 et
595 617 706 701 spirate
722 618 857 681 secundi,

100 701 302 764 Crebrescunt
316 709 435 786 optatae
451 723 553 781 aurae,
568 709 730 786 portusque
746 704 874 786 patescit

98 786 121 848 J
122 808 170 848 am
184 787 329 870 proprior,
345 789 548 871 templumque
564 797 690 871 apparet
704 788 736 850 in
751 809 821 851 arce
838 788 1007 850 Minervae.

99 871 179 934 Vela
192 874 298 954 legunt
314 874 395 952 socii,
413 880 444 936 et
459 893 562 955 proras
578 873 618 936 ad
631 873 719 936 litora
733 879 883 956 torquent.

99 956 208 1019 Portus
223 958 260 1020 ab
276 958 376 1021 Euroo
390 959 484 1021 fluctu
499 965 641 1021 curvatus
656 959 687 1021 in
702 979 827 1035 arcum3

100 1041 244 1125 Objectae
260 1045 338 1106 salsa
352 1050 490 1126 spumant
505 1044 661 1126 aspergine
677 1050 780 1106 cautes
793 1066 814 1105 :⁴

98 1126 169 1209 Ipse
184 1128 279 1204 latet;
303 1129 420 1211 gemino
436 1129 596 1192 demittunt
609 1128 732 1191 brachia
750 1149 835 1192 muro

99 1211 211 1274 Turriti
226 1214 349 1296 scopuli,
364 1214 535 1296 refugitque
551 1214 589 1276 ab
603 1214 689 1275 litore
705 1214 859 1295 templum.

141 1297 277 1370 Quatuor
290 1299 351 1376 hic,
366 1299 493 1382 primum
507 1319 605 1377 omen,
621 1319 713 1381 equos
727 1299 759 1360 in
773 1299 907 1380 gramine
926 1298 987 1361 vidi

99 1382 269 1445 Tondentes
285 1405 422 1467 campum
436 1386 508 1462 late,
524 1384 653 1447 candore
668 1384 770 1446 nivali.

99 1468 141 1530 Et
156 1475 242 1550 pater
256 1468 427 1531 Anchises:
451 1469 581 1548 Bellum,
597 1490 614 1532 o
628 1475 712 1531 terra
725 1469 853 1551 hospita,
869 1475 970 1551 portas
984 1491 991 1530 :

98 1553 185 1615 Bello
200 1560 353 1616 armantur
367 1554 437 1636 equi
451 1575 459 1630 ;
482 1555 594 1616 bellum
607 1555 682 1616 haec
698 1561 833 1616 armenta
847 1555 1008 1616 minantur.
1089 1573 1105 1618 5

101 1637 163 1701 Sed
178 1645 279 1701 tamen
293 1638 372 1701 idem
387 1640 455 1701 olim
471 1660 561 1702 curru
576 1639 739 1702 succedere
754 1639 832 1701 sueti

100 1721 327 1807 Quadrupedes,
343 1731 374 1787 et
388 1725 493 1787 fraena
502 1726 577 1808 jugo
593 1724 752 1788 concordia
765 1725 844 1787 ferre
857 1746 865 1786 :

101 1807 177 1890 Spes
192 1816 223 1871 et
237 1809 330 1892 pacis,
346 1810 397 1872 ait.
442 1810 519 1872 Tum
532 1810 654 1872 numina
668 1816 773 1872 sancta
787 1829 944 1892 precamur

99 1894 230 1956 Palladis
244 1895 419 1974 armisonae,
434 1916 512 1977 quae
529 1895 625 1978 prima
638 1895 757 1978 accepit
771 1902 903 1972 ovantes,

98 1979 140 2041 Et
155 1980 254 2062 capita
268 1985 338 2042 ante
353 2000 420 2042 aras
436 1981 569 2063 Phrygio
584 1981 718 2042 velamur
732 1980 843 2043 amictu
856 1999 864 2055 ;

98 2064 332 2148 Praeceptisque
348 2066 471 2144 Heleni,
487 2066 612 2128 dederat
626 2086 704 2148 quae
722 2066 861 2144 maxima,
875 2065 932 2127 rite

97 2149 120 2211 J
121 2150 211 2212 unoni
225 2149 360 2232 Argivae
370 2152 469 2234 jussos
484 2151 636 2213 adolemus
650 2152 787 2214 honores.

140 2234 234 2297 Haud
248 2256 351 2298 mora:
376 2234 526 2313 continuo,
540 2236 682 2318 perfectis
697 2235 800 2298 ordine
815 2235 902 2314 votis,

99 2318 219 2382 Cornua
232 2321 398 2382 velatarum
412 2321 591 2383 obvertimus
607 2327 814 2398 antennarum,

99 2403 364 2488 Grajugenumque
381 2405 492 2485 domos,
509 2414 707 2489 suspectaque
722 2406 882 2488 linquimus
897 2424 979 2467 arva.

97 2489 180 2553 Hinc
195 2491 277 2552 sinus
292 2490 449 2570 Herculei,
465 2492 488 2554 si
504 2512 577 2555 vera
592 2498 638 2554 est
651 2493 743 2569 fama,
759 2491 882 2553 Tarenti

99 2575 249 2638 Cernitur.
293 2574 416 2639 Attollit
430 2597 461 2639 se
477 2576 547 2640 diva
561 2576 685 2640 Lacinia
699 2583 813 2654 contra,

99 2659 298 2744 Caulonisque
314 2682 410 2740 arces,
426 2669 458 2724 et
471 2662 661 2743 navifragum
678 2661 867 2745 Scylaceum.

98 2746 175 2808 'lum
189 2748 293 2829 procul
308 2767 324 2809 e
340 2747 434 2809 fluctu
448 2747 603 2809 Trinacria
618 2747 750 2809 cernitur
764 2744 868 2808 Aetna
882 2763 891 2820 ;

97 2830 140 2893 Et
154 2832 297 2912 gemitum
311 2831 463 2913 ingentem
477 2832 588 2914 pelagi,
603 2833 780 2915 pulsataque
795 2851 867 2892 saxa

97 2915 247 2978 Audimus
260 2916 359 2998 longe,
374 2916 546 2998 fractasque
562 2916 601 2978 ad
615 2917 703 2978 litora
717 2936 805 2978 voces
819 2935 827 2991 ;

98 3000 317 3083 Exsultantque
334 3002 421 3080 vada,
439 3007 529 3083 atque
546 3011 631 3063 aestu
644 3001 808 3063 miscentur
823 3019 943 3062 arenae.

97 3086 139 3147 Et
153 3094 240 3168 pater
254 3086 423 3150 Anchises:
448 3087 598 3149 Nimirum
612 3086 687 3148 haec
705 3086 757 3147 illa
772 3084 940 3168 Charybdis
954 3104 963 3160 3

46 3190 49 3195 ·
97 3170 163 3232 Hos
178 3172 314 3233 Helenus
330 3172 476 3254 scopulos,
490 3171 565 3233 haec
580 3191 653 3233 saxa
665 3170 825 3249 horrenda,
841 3170 987 3250 canebat„

98 3254 225 3338 Eripite,
241 3277 258 3317 o
273 3256 355 3349 sopii,
370 3256 542 3338 pariterque
557 3256 703 3337 insurgite
718 3255 818 3317 remis.

97 3339 191 3402 Haud
204 3340 301 3402 minus
317 3360 352 3402 ao
362 3342 439 3424 jussi
453 3341 587 3403 faciunt:
611 3341 782 3423 primusque
797 3339 956 3402 rudentem

98 3423 247 3488 Contorsit
261 3426 363 3487 laevas
377 3445 496 3506 proram
511 3425 670 3488 Palinurus
686 3424 725 3487 ad
740 3425 835 3486 undas
849 3444 857 3498 3

97 3510 228 3572 laevam
244 3516 353 3571 cuncta
368 3511 471 3573 cohors
486 3511 575 3572 remis
590 3511 745 3592 ventisque
760 3509 876 3592 petivit.

97 3595 240 3657 Tollimur
253 3594 285 3656 in
300 3595 415 3656 coelum
430 3602 554 3657 curvato
569 3595 700 3676 gurgite,
716 3601 748 3656 et
761 3594 842 3656 idem

98 3677 254 3742 Subducta
268 3680 307 3741 ad
322 3679 429 3742 Manes
443 3681 517 3742 imos
532 3679 693 3742 desidimus
707 3679 799 3741 unda.

96 3764 157 3826 Ter
171 3765 284 3847 scopuli
300 3766 458 3827 clamorem
472 3765 552 3826 inter
567 3784 642 3827 cava
656 3784 728 3826 saxa
743 3763 854 3826 dedere
868 3783 876 3837 3
