2496 4334
456 306 704 354 anuumosmu.
728 308 776 356 xr.
943 282 946 289 ’
1073 288 1136 356 295

99 458 264 542 Sanguine,
279 466 311 523 et
326 458 460 522 Evandri
474 466 567 524 totam
581 480 650 525 cum
664 461 757 544 stirpe
772 459 886 524 videbit

97 544 296 608 Procubuisse
313 544 442 623 domum,
458 553 549 629 atque
565 553 669 609 exutos
683 545 821 609 Arcadas
836 545 951 609 armis?
1089 566 1137 615 395

96 629 192 692 Haud
206 632 249 693 ita
260 651 308 691 me
324 631 440 727 experti
453 631 551 694 Bitias
565 638 597 694 et
611 630 769 694 Pandarus
784 631 901 714 ingens,

98 715 141 777 Et
156 736 231 797 quos
246 715 326 777 mille
341 714 389 777 dre
404 715 500 778 victor
513 716 568 778 sub
584 716 712 779 Tartara
725 716 802 796 misi,

97 800 237 863 Inclusus
251 800 344 861 muris
358 800 515 882 hostilique
531 822 642 883 aggere
658 807 771 883 septus.
862 862 871 880 ,

97 885 193 948 Nulla
208 886 288 948 salus
302 885 390 946 bello.
436 885 535 968 Capiti
550 907 624 948 cane
639 886 722 964 talia,
739 886 871 965 demens,

97 970 252 1033 Dardanio
267 970 416 1051 rebusque
431 970 500 1032 tuis.
545 969 675 1033 Proinde
691 971 788 1033 omnia
801 991 910 1052 magno
1091 992 1138 1041 400

98 1055 150 1117 Ne
166 1076 251 1118 cessa
265 1055 387 1117 turbare
403 1063 496 1134 metu,
512 1061 602 1138 atque
619 1057 760 1118 extollere
776 1055 854 1118 vires

100 1139 207 1203 Gentis
222 1139 267 1201 bis
282 1140 391 1218 victae,
407 1146 511 1203 contra
526 1161 661 1223 premere
675 1161 760 1202 arma
774 1138 885 1202 Latini.

99 1224 132 1287 N
134 1246 191 1287 unc
207 1231 239 1287 et
253 1223 476 1307 Myrmidonum
491 1247 630 1307 proceres
644 1225 779 1307 Phrygia
794 1245 877 1288 arma
890 1225 1078 1305 tremiscunt,

99 1309 191 1372 Nunc
207 1316 238 1372 et
253 1309 385 1391 Tydides
402 1316 433 1371 et
447 1309 621 1373 Larissaeus
634 1309 781 1389 Achilles,

99 1395 207 1456 Amnis
224 1400 255 1456 et
269 1392 438 1457 Hadriacas
451 1401 531 1458 retro
546 1396 625 1477 fugit
638 1395 768 1458 Aufidus
783 1392 890 1457 undas.
1090 1413 1138 1462 405

99 1479 161 1542 Vel
177 1501 245 1542 cum
259 1500 292 1541 se
307 1479 448 1561 pavidum
460 1487 563 1542 contra
577 1501 645 1542 mea
653 1480 758 1563 jurgia
771 1479 858 1562 fingit

100 1564 236 1627 Artificis
251 1565 359 1642 scelus,
375 1570 406 1626 et
420 1565 575 1627 formidine
591 1565 703 1628 crimen
718 1565 850 1627 acerbat.

101 1649 276 1732 Numquam
291 1650 419 1711 animam
432 1650 524 1712 talem
539 1650 646 1713 dextra
658 1651 717 1712 hac
728 1685 770 1697 —
782 1651 891 1712 absiste
905 1647 1018 1712 moveri
1028 1682 1072 1694 —

101 1734 234 1797 Amittes
248 1755 256 1810 ;
278 1734 395 1796 habitet
408 1740 509 1796 tecum
524 1741 555 1797 et
570 1735 608 1797 sit
622 1742 743 1817 pectore
758 1735 790 1796 in
803 1735 870 1797 isto.

102 1819 194 1882 Nunc
210 1819 249 1882 ad
264 1824 294 1881 te
311 1826 342 1881 et
356 1825 410 1881 tua
423 1840 543 1902 magna,
560 1827 657 1902 pater,
673 1821 808 1882 consulta
822 1824 967 1882 revertor.
1093 1838 1140 1887 410

104 1904 155 1968 sie
171 1905 283 1966 nullam
295 1904 403 1967 nestris
418 1905 497 1967 ultra
512 1926 596 1987 spem
610 1905 694 1987 ponis
709 1905 741 1966 in
756 1904 856 1984 armis,

105 1989 215 2054 Situm
230 1989 341 2050 deserti
356 2010 468 2068 sumus,
484 1996 516 2052 et
530 1991 622 2053 semel
637 1990 754 2072 agmine
769 2010 856 2052 verso

102 2074 252 2137 Funditus
267 2074 439 2152 occidimus,
454 2095 551 2157 neque
566 2075 658 2137 habet
671 2075 805 2136 Fortuna
820 2094 1002 2157 regressum,

105 2159 233 2221 Oremus
247 2179 364 2241 pacem,
380 2165 412 2220 et
426 2159 546 2222 dextras
561 2159 718 2222 tendamus
732 2159 855 2222 inertes.

104 2243 303 2325 Quamquam,
319 2264 347 2322 o,
364 2244 388 2305 si
403 2245 505 2306 solitae
521 2244 684 2327 quidquam
698 2245 815 2307 virtutis
831 2244 961 2322 adesset,
1094 2259 1142 2307 415

103 2330 161 2391 1110
176 2329 247 2390 mihi
262 2335 331 2390 ante
347 2329 419 2390 alios
434 2329 662 2410 fortunatusque
676 2330 811 2391 laborum

105 2413 314 2496 Egregiusque
330 2413 430 2491 animi,
446 2414 508 2495 qui,
522 2434 561 2475 ne
577 2414 649 2497 quid
664 2415 723 2475 tale
738 2413 866 2491 videret,

105 2499 270 2561 Procubuit
283 2498 422 2576 moriens,
439 2506 469 2560 et
483 2499 607 2560 humum
621 2499 713 2560 semel
728 2518 779 2560 ore
793 2496 962 2559 momordit.

107 2582 161 2646 Sin
177 2590 207 2646 et
222 2604 292 2666 opes
306 2583 390 2646 nobis
406 2590 437 2644 et
451 2583 548 2645 adhuc
564 2584 678 2645 intacta
691 2583 846 2665 juventus,

104 2669 285 2749 Auxilioque
301 2668 390 2730 urbes
405 2667 501 2730 Italae
517 2668 676 2750 populique
691 2673 852 2748 supersunt
866 2685 875 2742 ;
1095 2681 1143 2729 420

108 2752 162 2816 Sin
177 2761 208 2816 et
222 2753 357 2836 Trojanis
373 2773 441 2814 curn
455 2754 548 2814 multo
564 2753 658 2834 gloria
672 2752 754 2814 venit

108 2837 260 2920 Sanguine
273 2843 397 2899 -sunt
411 2836 467 2898 illis
483 2858 537 2899 sua
550 2837 670 2914 funera,
684 2856 799 2918 parque
816 2856 871 2918 per
886 2852 988 2897 omnes

106 2924 281 3004 Tempestas
292 2942 401 2983 -cur
414 2922 570 2984 indecores
584 2922 615 2983 in
629 2921 729 2983 limine
745 2921 839 3002 primo

88 3032 91 3037 ·
106 3005 296 3071 Deficimus?
318 3027 372 3068 cur
387 3012 456 3068 ante
472 3007 574 3068 tubam
589 3011 700 3068 tremor
715 3011 843 3087 occupat
857 3009 940 3066 artus
953 2999 967 3063 1

106 3091 207 3153 Multa
222 3091 285 3152 dies
300 3091 433 3173 variique
448 3091 531 3152 labor
544 3089 694 3152 mutabilis
710 3089 776 3150 aevi
1098 3102 1145 3150 405

106 3176 224 3238 Retulit
237 3175 269 3236 in
282 3175 388 3237 melius
402 3196 410 3250 ;
430 3177 538 3237 multos
552 3176 668 3236 alterna
681 3173 814 3235 revisens

106 3259 194 3322 Lusit
209 3266 240 3322 et
253 3261 285 3321 in
299 3259 391 3322 solido
406 3280 508 3321 rursus
523 3260 657 3322 Fortuna
670 3259 789 3321 locavit.

107 3345 179 3407 Non
194 3345 251 3406 erit
266 3345 373 3406 auxilio
387 3344 470 3406 nobis
485 3343 613 3407 Aetolus
629 3350 661 3406 et
675 3342 753 3426 Arpi
766 3363 775 3420 3

106 3428 153 3491 At
167 3428 326 3509 Messapus
341 3429 408 3506 erit,
424 3429 554 3510 felixque
569 3428 753 3505 Tolumnius,
769 3433 801 3490 et
815 3447 888 3508 quos

108 3514 166 3575 Tot
180 3512 281 3595 populi
295 3513 402 3574 misere
419 3513 510 3575 duces
524 3533 532 3587 3
555 3533 611 3575 nec
626 3533 720 3594 parva
734 3519 877 3594 sequetur
1099 3524 1146 3571 400

110 3597 212 3660 Gloria
228 3597 359 3659 delectos
375 3596 462 3659 Latio
478 3603 509 3659 et
524 3596 724 3659 Laurentibus
740 3596 830 3677 agris.

110 3683 167 3744 Est
181 3688 213 3743 et
227 3681 405 3745 Volscorum
420 3682 543 3764 egregia
557 3682 595 3744 de
611 3688 701 3764 gente
718 3679 853 3757 Camilla,

107 3769 231 3848 Agmen
246 3787 337 3850 agens
354 3767 488 3849 equitum
502 3774 534 3829 et
546 3768 688 3829 florentes
703 3786 773 3829 aere
789 3771 937 3827 catervas.
