2496 4334
97 245 138 307 82
432 264 461 309 r.
485 262 627 309 vrasrnrr
649 261 794 308 unacurs

96 415 267 478 Venturum
282 416 397 479 excidio
411 416 545 500 Libyae3
568 418 610 479 sie
627 417 746 479 volvere
762 415 883 478 Parcas.
926 484 929 492 ,

95 500 134 562 Id
149 507 296 579 metuens,
312 502 481 584 veterisque
497 524 609 564 memor
626 499 768 564 Saturnia
783 501 863 579 belli,

96 585 198 647 Prima
213 586 292 667 quod
307 587 346 648 ad
362 586 481 670 'frojam
496 608 549 669 pro
564 587 641 650 caris
656 593 790 668 gesserat
804 585 916 668 Argis;

96 670 241 753 Necdum,
252 672 341 733 etiam
357 693 480 735 caussae
497 673 609 734 irarum
624 672 765 754 saevique
781 672 897 733 dolores

97 755 282 818 Exciderant
299 757 415 833 animo;
437 764 538 819 manet
553 758 614 818 alta
628 761 728 819 mente
743 763 896 838 repostum

95 841 117 902 J
118 841 250 903 udicium
264 840 393 920 Paridis,
408 847 587 924 spretaeque
602 841 711 924 injuria
724 841 848 919 formae,

98 925 140 987 Et
154 947 249 1007 genus
261 927 399 1006 invisum,
416 935 447 990 et
461 928 539 1011 rapti
555 925 737 1010 Ganymedis
752 927 896 988 honores:
965 1003 968 1007 .

96 1011 155 1073 His
170 1031 297 1074 aceensa
312 1034 414 1096 super,
423 1014 554 1097 jactatos
572 1032 700 1094 aequore
716 1017 777 1074 toto

97 1096 201 1174 Troas,
216 1098 356 1179 reliquias
371 1098 511 1161 Danaum
526 1103 615 1180 atque
630 1096 749 1159 immitis
763 1095 887 1175 Achilli,

97 1181 234 1243 Arcebat
247 1183 335 1265 longe
351 1182 457 1259 Latio;
478 1184 644 1265 multosque
660 1202 715 1264 per
729 1202 821 1244 annos

98 1265 259 1345 Errabant,
275 1268 336 1330 acti
349 1268 429 1346 fatis,
444 1269 538 1330 maria
555 1267 653 1330 omnia
668 1267 790 1330 circum.

99 1350 214 1413 Tantae
229 1353 312 1414 molis
328 1360 393 1415 erat
407 1354 572 1415 Romanam
587 1352 716 1414 condere
732 1358 862 1434 gentem.
934 1347 938 1354 ’

143 1436 205 1499 Vix
220 1457 236 1498 e
253 1444 414 1519 conspectu
429 1435 548 1500 Siculae
563 1437 678 1500 telluris
692 1437 724 1499 in
738 1439 832 1500 altum

98 1521 178 1585 Vela
192 1521 304 1584 dabant
317 1523 400 1601 laeti,
415 1529 447 1585 et
461 1543 581 1606 spumas
596 1523 666 1586 salis
680 1543 750 1585 aere
764 1522 909 1600 ruebant3

99 1604 199 1679 Quum
212 1606 306 1687 June,
322 1613 478 1670 aeternum
492 1629 615 1673 servans
630 1609 685 1672 sub
699 1615 821 1691 pectore
837 1608 956 1690 vulnus,

99 1692 187 1754 Haec
202 1712 322 1755 secum:
347 1691 438 1756 Mene
453 1693 573 1776 incepto
587 1693 731 1756 desistere
746 1693 868 1773 rictam

100 1776 167 1840 Nec
182 1797 269 1859 posse
285 1777 375 1840 Italia
390 1777 573 1841 Teucrorum
588 1784 723 1842 avertere
738 1777 865 1861 regern?

100 1861 217 1944 Quippe
232 1869 317 1925 vetor
331 1862 411 1926 fatis.
456 1863 594 1927 Pallasne
611 1884 735 1926 exurere
751 1864 876 1927 classem

99 1946 259 2028 Argivum,
275 1953 366 2030 atque
381 1950 460 2032 ipsos
475 1949 572 2032 potuit
585 1949 776 2031 submergere
791 1954 892 2032 ponto,

98 2031 197 2095 Unius
213 2033 250 2094 ob
264 2055 372 2096 noxam
387 2042 419 2097 et
433 2035 525 2098 furias
541 2034 644 2119 Ajaeis
661 2032 763 2096 Oilei?

98 2116 181 2199 Ipsa,
196 2118 219 2179 J
219 2119 282 2182 ovis
297 2119 436 2202 rapidum
445 2121 582 2204 jaculata
595 2140 612 2181 e
627 2118 754 2181 nubibus
768 2118 880 2200 iguem,

99 2202 285 2285 Disjecitque
300 2211 393 2282 rates,
409 2206 577 2286 evertitque
593 2225 726 2286 aequora
741 2203 858 2279 ventis3

99 2286 200 2365 Illum,
215 2289 416 2370 exspirantem
432 2290 575 2352 transfixo
589 2296 710 2372 pectore
725 2289 871 2368 flammas,

100 2371 229 2434 Turbine
248 2375 402 2458 corripuit,
417 2376 596 2458 scopuloque
610 2375 707 2437 infixit
721 2381 820 2438 acuto.

99 2455 160 2518 Ast
175 2478 242 2539 ego,
258 2480 336 2541 quae
352 2459 453 2523 divum
468 2460 574 2523 incedo
588 2460 704 2542 regina,
718 2460 741 2521 J
741 2459 863 2543 ovisque

100 2541 142 2604 Et
156 2564 238 2606 soror
253 2552 285 2607 et
301 2545 419 2629 conjux,
434 2566 577 2608 unacum
592 2551 682 2627 gente
698 2550 742 2608 tot
756 2563 849 2607 anuos

99 2627 188 2690 Bella
203 2650 286 2710 gero.
332 2630 374 2693 Et
389 2631 545 2712 quisquam
559 2651 671 2692 numen
684 2629 707 2691 J
708 2629 813 2692 unonis
828 2627 934 2691 adorat

101 2712 276 2792 Praeterea,
293 2721 345 2776 aut
360 2715 485 2797 supplex
500 2714 560 2777 aris
573 2714 706 2796 imponat
718 2711 882 2776 honorem?

144 2797 229 2859 Talia
243 2799 393 2862 flammato
408 2819 511 2862 secum
525 2799 584 2861 dea
598 2800 688 2862 eorde
703 2799 850 2878 volutans,

100 2882 277 2946 Nimborum
291 2884 323 2946 in
337 2885 475 2968 patriam,
490 2886 557 2948 loca
571 2885 652 2947 foeta
665 2885 832 2946 furentibus
847 2882 967 2962 austris,

99 2967 238 3031 Aeoliam
252 2971 344 3033 venit.
389 2970 451 3035 Hic
466 2977 550 3034 vasto
565 2991 620 3033 rex
633 2969 748 3033 Aeolus
763 2978 848 3033 antro

101 3052 265 3117 Luctantes
281 3062 385 3120 ventos
399 3062 653 3140 tempestatesque
668 3076 789 3118 sonoras

100 3137 232 3220 Imperio
246 3142 366 3222 premit,
381 3163 417 3205 ao
432 3142 537 3206 vinclis
552 3148 585 3204 et
600 3162 721 3205 carcere
736 3141 845 3203 frenat.

101 3221 151 3283 Illi
165 3222 366 3306 indignantes,
382 3248 491 3309 magno
507 3248 575 3290 cum
589 3247 740 3289 murmure
755 3225 873 3304 montis,

102 3305 223 3370 Circum
239 3309 369 3373 claustra
384 3311 527 3374 fremunt.
574 3310 664 3375 Celsa
677 3310 764 3374 sedet
778 3310 893 3374 Aeolus
908 3330 990 3388 aree,

102 3391 231 3476 Sceptra
246 3400 372 3471 tenens3
393 3397 546 3479 mollitque
562 3397 687 3474 animos,
702 3403 734 3458 et
747 3401 895 3478 temperat
908 3394 980 3457 iras.
1093 3399 1102 3408 '

100 3478 143 3540 Ni
158 3479 261 3558 faciat,
276 3480 371 3542 maria
386 3501 421 3543 ac
436 3488 532 3544 terras
548 3482 723 3564 coelumque
738 3480 919 3564 profundum

102 3561 221 3647 Quippe
236 3565 336 3628 ferant
351 3565 448 3649 rapidi
462 3587 575 3645 secum,
590 3571 774 3648 verrantque
789 3585 844 3649 per
858 3582 958 3629 auras.

102 3646 164 3710 Sed
179 3656 266 3731 pater
281 3651 465 3733 omnipotens
481 3651 629 3734 speluncis
645 3651 759 3713 abdidit
774 3651 857 3730 atris,

101 3731 170 3795 Hoc
186 3741 340 3812 metuens3
362 3738 529 3819 molemque
545 3741 577 3799 et
590 3743 706 3798 montes
720 3735 843 3819 insuper
856 3734 932 3799 altos
