2496 4334
437 262 597 309 AENEIDOS
619 263 684 308 ΗΒ.
710 263 755 309 VI.

84 413 256 497 Oorripiuut
270 416 398 498 spatium
414 417 554 493 medium,
570 415 741 498 foribusque
757 416 966 501 propinquant.

84 497 223 583 Occupat
236 500 359 565 Aeneas
375 500 499 579 aditum,
515 522 680 583 corpusque
696 503 809 563 recenti

85 583 207 668 Spargit
222 607 312 668 aqua,
329 607 504 668 ramumque
520 585 645 648 adverso
659 586 690 647 in
704 587 803 650 limine
819 588 896 670 figit.

125 671 183 733 His
199 671 318 733 demum
333 672 456 749 exactis,
473 671 606 754 perfecto
619 692 742 733 munere
759 671 857 752 divae,

82 755 241 818 Devenere
256 758 335 818 locos
350 757 444 818 laetos
460 764 491 818 et
506 777 630 818 amoena
644 757 740 818 vireta

81 839 313 903 Fortunatorum
329 862 494 918 nemorum,
510 840 655 922 sedesque
670 842 783 904 beatas.

81 925 208 1007 Largior
221 926 270 989 hic
286 947 404 1009 campos
420 926 525 988 aether
539 932 570 987 et
585 927 695 987 lumine
710 927 801 989 vestit

82 1010 249 1093 Purpureo,
265 1013 414 1093 solemque
430 1032 527 1088 suum,
543 1032 597 1073 sua
611 1010 710 1098 sidera
724 1017 843 1074 norunt.

80 1095 157 1158 Pars
172 1096 203 1157 in
218 1097 376 1178 gramineis
392 1102 533 1158 exercent
547 1096 680 1158 membra
695 1096 880 1178 palaestris,

83 1180 274 1243 Contendunt
287 1182 358 1243 ludo
373 1187 404 1243 et
418 1181 501 1243 fulva
514 1182 668 1243 luctantur
683 1201 774 1243 arena
788 1202 796 1256 ;
875 1250 879 1257 ,

81 1265 157 1328 Pars
171 1265 296 1347 pedibus
312 1266 459 1348 plaudunt
471 1266 594 1328 choreas
610 1271 641 1327 et
656 1266 788 1328 earmina
804 1265 917 1328 dicunt.

79 1349 113 1411 N
114 1371 148 1413 eo
164 1372 223 1413 non
237 1351 392 1413 Threicius
407 1352 497 1432 longa
511 1372 579 1412 eum
594 1357 678 1412 veste
694 1351 832 1414 sacerdos

82 1433 260 1517 Obloquitur
274 1437 404 1498 numeris
419 1442 534 1517 septem
549 1435 719 1497 discrimina
733 1457 839 1498 vocum
851 1455 860 1512 ;

80 1519 210 1602 Jamque
226 1521 331 1582 eadem
346 1521 457 1602 digitis,
467 1521 532 1604 jam
547 1521 665 1602 pectine
680 1521 780 1603 pulsat
794 1521 917 1584 eburno.

81 1604 141 1666 Hic
157 1626 251 1687 genus
266 1606 420 1688 antiquum
435 1605 555 1682 Teucri,
570 1606 770 1688 pulcherrima
784 1608 893 1689 proles,

80 1687 267 1771 Magnanimi
281 1691 397 1769 heroes,
412 1693 475 1753 nati
489 1691 657 1753 melioribus
672 1692 768 1769 annis,

80 1773 215 1857 Ilusque,
230 1775 469 1857 Assaracusque,
485 1781 516 1838 et
531 1775 637 1859 Trojae
652 1776 813 1838 Dardanus
826 1783 940 1839 auctor.

79 1859 177 1922 Arma
190 1862 293 1943 procul
308 1882 473 1943 currusque
489 1861 585 1923 virum
599 1861 724 1923 miratur
737 1861 852 1924 inanes.

81 1942 170 2007 Stant
185 1952 267 2008 terra
282 1946 395 2008 defixae
411 1946 527 2022 hastae,
544 1947 712 2029 passimque
727 1946 815 2009 soluti

80 2029 141 2092 Per
155 2050 293 2112 campum
307 2038 470 2114 pascuntur
485 2033 574 2113 equi:
599 2052 676 2113 quae
692 2031 789 2113 gratia
804 2052 946 2096 curruum

78 2114 299 2198 Armorumque
313 2117 371 2178 fuit
385 2117 471 2195 vivis,
486 2137 563 2199 quae
580 2137 652 2178 cura
666 2116 796 2178 nitentes

78 2198 208 2263 Pascere
224 2222 327 2283 equos,
343 2201 448 2264 eadem
463 2202 598 2283 sequitur
613 2203 720 2264 tellure
734 2207 878 2284 repostos.

81 2283 242 2368 Conspicit,
256 2307 337 2364 ecce,
353 2287 425 2349 alios
440 2287 546 2349 dextra
560 2288 704 2370 laevaque
719 2308 774 2369 per
788 2287 911 2350 herbam

78 2368 257 2449 Vescentes,
273 2373 443 2454 laetumque
459 2372 548 2434 choro
563 2372 685 2434 Paeana
705 2380 858 2451 canentes,

78 2454 164 2518 Inter
179 2456 333 2519 odoratum
347 2457 424 2519 lauri
439 2477 555 2534 nemus,
570 2457 650 2518 unde
666 2478 794 2538 superne

78 2540 228 2603 Plurimus
242 2542 367 2603 Eridani
382 2563 436 2624 per
451 2542 555 2603 silvam
569 2541 698 2604 volvitur
712 2542 816 2604 amnis.

77 2625 137 2688 Hic
153 2647 269 2704 manus,
285 2628 321 2689 ob
336 2627 464 2708 patriam
478 2627 639 2709 pugnando
655 2627 780 2689 vulnera
793 2626 884 2710 passi,
973 2715 975 2721 Ι

79 2709 196 2793 Quique
212 2712 381 2774 sacerdotes
397 2712 482 2790 casti,
499 2712 570 2774 dum
584 2711 647 2774 vita
660 2711 811 2791 manebat,

79 2794 196 2879 Quique
212 2797 252 2879 pii
266 2803 351 2859 vates
366 2803 397 2858 et
412 2797 533 2859 Phoebo
549 2797 640 2878 digna
655 2797 758 2874 locuti,

77 2880 221 2944 Inventas
237 2890 290 2943 aut
304 2882 356 2963 qui
369 2883 461 2943 vitam
477 2883 633 2944 excoluere
649 2903 703 2964 per
718 2889 809 2959 artes,

78 2963 195 3046 Quique
210 2967 255 3029 sui
268 2988 414 3028 memores
430 2967 502 3029 alios
517 2967 616 3029 fecere
632 2967 794 3028 merendo:

78 3050 222 3114 Omnibus
236 3053 282 3113 his
297 3053 384 3113 nivea
400 3051 561 3133 cinguntur
576 3058 710 3132 tempora
727 3053 813 3114 vitta.

76 3134 157 3207 Quos
173 3137 365 3198 circumfusos
380 3137 422 3198 sic
439 3142 485 3198 est
499 3137 589 3198 affata
605 3135 730 3219 Sibylla,

75 3221 234 3282 Musaeum
250 3229 318 3283 ante
334 3242 457 3296 onmes3
479 3221 611 3283 medium
625 3243 695 3283 nam
710 3221 839 3303 plurima
854 3220 942 3283 turba

75 3306 167 3367 Hunc
182 3307 283 3383 habet,
300 3314 389 3388 atque
405 3307 535 3368 humeris
552 3312 718 3368 exstantem
733 3306 857 3388 suspicit
871 3306 959 3370 altis:

75 3391 187 3469 Dicite,
201 3391 304 3454 felices
320 3392 446 3469 animae,
462 3398 566 3472 tuque,
581 3391 689 3473 optime
705 3398 800 3467 vates,

76 3475 160 3549 Quae
176 3476 259 3557 regio
276 3476 440 3554 Anchisen,
456 3476 522 3556 quis
536 3477 627 3537 habet
641 3476 750 3539 locus?
772 3476 851 3537 illius
867 3496 939 3556 ergo

75 3562 234 3638 Venimus,
251 3568 282 3622 et
295 3582 418 3642 magnos
435 3561 526 3622 Erebi
542 3563 723 3622 tranavimus
733 3581 851 3622 amnes.

74 3646 178 3727 Atque
194 3646 262 3707 huic
278 3666 452 3728 responsum
467 3646 569 3726 paucis
584 3646 627 3707 ita
642 3645 773 3707 reddidit
787 3645 895 3707 heros:

74 3731 160 3793 Nulli
175 3737 260 3793 certa
274 3731 378 3793 domus
392 3751 400 3807 ;
423 3731 498 3793 lucis
512 3730 679 3793 habitamus
694 3729 805 3812 opacis,

1074 526 1123 576 635
