2496 4334
145 288 207 354 250
486 304 515 349 r.
539 302 681 348 vreermr
702 302 847 349 ursonis

144 457 226 521 Vina
239 458 334 520 refert
349 456 495 532 moriens3
518 456 565 518 hio
581 456 661 518 furto
676 456 809 518 fervidus
824 456 925 518 instat.

143 543 273 624 Jamque
289 543 328 605 ad
342 541 475 624 Messapi
489 542 582 604 socios
598 541 759 616 tendebat3
779 542 819 602 ibi
833 541 933 623 ignem

144 628 282 690 Deficere
299 634 464 689 extremum
481 633 512 688 et
525 627 666 706 religatos
682 627 738 688 rite
751 626 872 688 videbat

145 712 277 794 Carpere
293 732 417 793 gramen
432 732 541 793 equos:
564 711 696 772 breviter
707 733 800 793 quum
814 711 886 772 talia
900 711 994 774 Nisus
1007 747 1052 759 —·

145 795 246 860 Sensit
261 799 341 858 enim
354 797 445 858 nimia
459 796 552 858 caede
568 802 659 877 atque
676 796 814 878 cupidine
830 796 903 857 ferri
914 830 957 840 -

143 881 343 959 Absistemus,
359 882 419 956 ait;
435 901 505 942 nam
519 882 571 942 lux
581 881 700 942 inimica
711 881 899 962 propinquat.

143 967 313 1029 Poenarum
328 966 505 1029 exhaustum
520 966 591 1028 satis
607 972 664 1043 est,
677 966 725 1027 via
739 966 820 1027 facta
834 986 889 1047 per
902 967 1012 1029 hostes.

143 1051 242 1113 Multa
256 1052 352 1114 virum
367 1050 459 1112 solido
475 1057 600 1132 argento
614 1051 750 1132 perfecta
763 1051 937 1132 relinquunt

142 1135 309 1219 Armaque,
326 1143 516 1216 craterasque
532 1136 629 1212 simul,
644 1134 842 1216 pulchrosque
858 1143 984 1218 tapetas.

143 1221 294 1305 Euryalus
309 1221 446 1303 phaleras
462 1220 637 1280 Rhamnetis
652 1225 683 1280 et
698 1240 790 1281 aurea
804 1220 890 1282 bullis

144 1305 282 1388 (lingula,
298 1306 415 1379 Tiburti
430 1305 557 1366 Remulo
572 1304 732 1366 ditissimus
747 1305 816 1366 olim

144 1389 228 1462 Quae
244 1391 336 1452 mittit
351 1390 438 1467 dona,
453 1389 578 1471 hospitio
594 1409 686 1470 quum
695 1390 839 1471 jungeret
854 1390 972 1470 absens,

144 1474 290 1537 Caedicus
304 1495 312 1550 ;
334 1475 384 1536 ille
400 1495 452 1537 suo
467 1475 594 1535 moriens
610 1473 663 1535 dat
675 1474 785 1536 habere
801 1475 921 1556 nepoti3

142 1559 216 1621 Post
230 1566 355 1622 mortem
370 1559 446 1620 bello
462 1559 567 1619 Rutuli
582 1579 743 1641 pugnaque
758 1559 854 1641 potiti.

142 1644 229 1706 Haec
244 1645 322 1726 rapit
337 1651 427 1725 atque
442 1643 572 1705 humeris
586 1643 787 1725 nequidquam
802 1644 928 1707 fortibus
943 1651 1027 1729 aptat
1040 1666 1049 1722 ;

143 1729 219 1791 Turn
234 1730 350 1810 galeam
362 1728 495 1811 Messapi
508 1728 637 1789 habilem
652 1729 807 1810 cristisque
824 1729 962 1793 decoram

142 1813 256 1876 Induit.
302 1812 462 1875 Excedunt
477 1814 593 1891 castris,
609 1819 640 1874 et
654 1820 720 1875 tuta
734 1821 905 1895 capessunt.

185 1899 308 1961 Interea
321 1899 475 1981 praemissi
490 1899 605 1980 equites
622 1919 659 1960 ex
672 1898 746 1960 urbe
761 1898 880 1978 Latina,

144 1984 254 2046 Cetera
268 1983 339 2045 dum
352 1983 430 2065 legio
446 1984 557 2066 campis
567 1983 714 2045 instructa
725 1990 867 2063 moratur,

142 2069 233 2131 Ibant
248 2075 278 2131 et
293 2069 394 2131 Turno
409 2069 474 2150 regi
489 2089 630 2150 responsa
644 2069 793 2147 ferebant,

142 2155 333 2232 Tercentum,
345 2153 455 2216 scutati
469 2174 580 2231 omnes,
592 2152 755 2216 Volscente
770 2155 912 2236 magistro
925 2176 933 2232 3

141 2239 271 2321 Jamque
287 2239 524 2320 propinquabant
539 2238 654 2316 castris,
664 2260 807 2321 muroque
823 2241 973 2320 subibant,

143 2322 241 2395 Quum
256 2324 359 2406 procul
373 2324 426 2384 hos
441 2325 525 2384 laevo
540 2324 694 2384 flectentes
709 2325 801 2385 limite
814 2333 950 2405 cernunt,

142 2409 184 2470 Et
199 2410 285 2490 galea
300 2409 467 2492 Euryalum
481 2409 623 2471 sublustri
637 2409 732 2470 noctis
746 2409 777 2469 in
792 2411 898 2472 umbra

141 2494 278 2555 Prodidit
292 2495 493 2556 immemorem
507 2494 657 2574 radiisque
674 2494 799 2556 adversa
813 2495 940 2557 refulsit.

141 2579 234 2641 Haud
246 2586 358 2641 temere
371 2586 417 2640 est
428 2579 540 2640 visum:
559 2580 724 2640 conclamat
736 2579 771 2640 ab
784 2581 901 2660 agmine
911 2579 1078 2643 Volscens:
1144 2602 1177 2649 *5

143 2663 239 2742 State,
255 2665 310 2725 viri
324 2663 330 2727 l
377 2663 461 2736 Quae
477 2684 582 2725 caussa
597 2662 689 2725 viae?
713 2665 800 2745 quive
816 2666 887 2727 estis
902 2667 933 2727 in
948 2666 1036 2727 armis
1050 2666 1063 2727 ‘l

142 2748 244 2821 Quove
260 2750 368 2811 tenetis
383 2749 466 2811 iter?
511 2748 596 2809 Nihil
610 2749 652 2809 illi
663 2749 787 2809 tendere
803 2757 929 2826 contra3
972 2747 974 2753 ’

143 2833 204 2896 Sed
220 2836 350 2896 celerare
366 2835 469 2916 fugam
484 2834 515 2894 in
530 2835 618 2895 silvas
634 2839 665 2894 et
679 2833 772 2895 fidere
788 2836 878 2897 nocti.

142 2918 293 3002 Objiciunt
308 2920 424 3000 equites
441 2939 506 2980 sese
521 2919 559 2979 ad
575 2918 701 2980 divortia
715 2925 786 2980 ncta

140 3005 221 3066 Hinc
238 3011 328 3086 atque
343 3004 424 3081 hinc,
436 3024 611 3085 omnemque
628 3004 740 3065 abitum
755 3004 878 3066 custode
891 3011 1043 3067 coronant.

141 3088 223 3151 Silva
238 3090 305 3167 fuit,
317 3091 377 3151 late
393 3089 489 3151 dumis
505 3095 594 3171 atque
610 3090 676 3150 ilice
695 3090 782 3170 nigra

139 3174 283 3250 Horrida,
300 3196 389 3256 quam
401 3174 485 3236 densi
501 3176 683 3255 complerant
697 3174 829 3256 undique
845 3180 966 3250 sentes3

138 3258 222 3320 Rara
237 3280 290 3340 per
304 3260 435 3321 occultos
449 3259 570 3319 lucebat
581 3260 687 3321 semita
698 3260 798 3321 calles.

140 3344 305 3426 Euryalum
320 3343 461 3405 tenebrae
477 3363 626 3405 ramorum
637 3365 820 3426 onerosaque
835 3344 949 3426 praeda

138 3428 321 3512 Impediunt,
337 3428 472 3509 fallitque
487 3426 575 3488 timor
589 3429 709 3509 regione
725 3429 850 3491 viarum.

138 3515 231 3577 Nisus
247 3514 327 3588 abit3
345 3513 468 3596 jamque
483 3512 655 3594 imprudens
670 3521 808 3575 evaserat
821 3516 922 3576 hostes

138 3599 241 3681 Atque
253 3601 344 3677 locos,
356 3599 407 3681 qui
422 3605 489 3681 post
505 3597 603 3659 Albae
620 3597 657 3659 de
672 3600 788 3660 nomine
804 3600 876 3661 dicti

137 3684 260 3762 Albani,
276 3691 340 3746 tum
353 3706 407 3745 rex
422 3684 540 3746 stabula
555 3684 615 3744 alta
627 3682 752 3745 Latinus
767 3685 917 3746 habebat:

138 3768 183 3832 Ut
197 3769 280 3831 stetit
295 3776 326 3832 et
340 3769 451 3833 frustra
469 3771 622 3832 absentem
637 3769 769 3852 respexit
784 3770 911 3831 amicum
924 3789 933 3846 ;
