<?xml version="1.0" encoding="UTF-8"?>
<!DOCTYPE html PUBLIC "-//W3C//DTD XHTML 1.0 Transitional//EN"
    "http://www.w3.org/TR/xhtml1/DTD/xhtml1-transitional.dtd">
<html xmlns="http://www.w3.org/1999/xhtml" xml:lang="en" lang="en">
 <head>
  <title>
</title>
<meta http-equiv="Content-Type" content="text/html;charset=utf-8" />
  <meta name='ocr-system' content='tesseract 3.04.00' />
  <meta name='ocr-capabilities' content='ocr_page ocr_carea ocr_par ocr_line ocrx_word'/>
</head>
<body>
  <div class='ocr_page' id='page_1' title='image "./bucolicsgeorgic00virggoog_0169.png"; bbox 0 0 2496 4334; ppageno 0'>
   <div class='ocr_carea' id='block_1_1' title="bbox 101 261 794 335">
    <p class='ocr_par' dir='ltr' id='par_1_1' title="bbox 101 261 794 335">
     <span class='ocr_line' id='line_1_1' title="bbox 101 261 794 335; baseline 0.001 -8"><span class='ocrx_word' id='word_1_1' title='bbox 101 261 163 335; x_wconf 87' lang='lat'>158</span> <span class='ocrx_word' id='word_1_2' title='bbox 431 282 460 326; x_wconf 85' lang='lat' dir='ltr'>P.</span> <span class='ocrx_word' id='word_1_3' title='bbox 485 281 627 327; x_wconf 84' lang='lat' dir='ltr'>v1ec1u11</span> <span class='ocrx_word' id='word_1_4' title='bbox 649 279 794 328; x_wconf 76' lang='lat' dir='ltr'>umerus</span> 
     </span>
    </p>
   </div>
   <div class='ocr_carea' id='block_1_2' title="bbox 96 433 1018 3584">
    <p class='ocr_par' dir='ltr' id='par_1_2' title="bbox 100 433 901 583">
     <span class='ocr_line' id='line_1_2' title="bbox 100 433 901 518; baseline 0.001 -23"><span class='ocrx_word' id='word_1_5' title='bbox 100 433 268 497; x_wconf 91' lang='lat' dir='ltr'>Intenduut</span> <span class='ocrx_word' id='word_1_6' title='bbox 283 434 432 518; x_wconf 83' lang='lat' dir='ltr'>Zephyri余</span> <span class='ocrx_word' id='word_1_7' title='bbox 454 435 551 497; x_wconf 85' lang='lat' dir='ltr'>fertur</span> <span class='ocrx_word' id='word_1_8' title='bbox 567 435 627 497; x_wconf 89' lang='lat' dir='ltr'>cita</span> <span class='ocrx_word' id='word_1_9' title='bbox 641 435 761 518; x_wconf 77' lang='lat' dir='ltr'>gurgite</span> <span class='ocrx_word' id='word_1_10' title='bbox 777 433 901 510; x_wconf 81' lang='lat' dir='ltr'>classis3</span> 
     </span>
     <span class='ocr_line' id='line_1_3' title="bbox 101 519 817 583; baseline 0 -2"><span class='ocrx_word' id='word_1_11' title='bbox 101 519 142 582; x_wconf 85' lang='lat' dir='ltr'>Et</span> <span class='ocrx_word' id='word_1_12' title='bbox 157 521 278 582; x_wconf 90' lang='lat' dir='ltr'>taudem</span> <span class='ocrx_word' id='word_1_13' title='bbox 293 520 365 582; x_wconf 89' lang='lat' dir='ltr'>laeti</span> <span class='ocrx_word' id='word_1_14' title='bbox 380 527 468 582; x_wconf 89' lang='lat' dir='ltr'>notae</span> <span class='ocrx_word' id='word_1_15' title='bbox 484 521 682 582; x_wconf 87' lang='lat' dir='ltr'>advertuntur</span> <span class='ocrx_word' id='word_1_16' title='bbox 697 541 817 583; x_wconf 86' lang='lat' dir='ltr'>arenae.</span> 
     </span>
    </p>

    <p class='ocr_par' dir='ltr' id='par_1_3' title="bbox 99 604 1009 1200">
     <span class='ocr_line' id='line_1_4' title="bbox 143 604 822 690; baseline 0.003 -24"><span class='ocrx_word' id='word_1_17' title='bbox 143 604 188 667; x_wconf 87' lang='lat' dir='ltr'>At</span> <span class='ocrx_word' id='word_1_18' title='bbox 202 606 305 690; x_wconf 89' lang='lat' dir='ltr'>procul</span> <span class='ocrx_word' id='word_1_19' title='bbox 317 607 433 668; x_wconf 90' lang='lat' dir='ltr'>excelso</span> <span class='ocrx_word' id='word_1_20' title='bbox 448 605 571 668; x_wconf 81' lang='lat' dir='ltr'>miratus</span> <span class='ocrx_word' id='word_1_21' title='bbox 587 606 699 668; x_wconf 90' lang='lat' dir='ltr'>vertice</span> <span class='ocrx_word' id='word_1_22' title='bbox 715 606 822 668; x_wconf 89' lang='lat' dir='ltr'>montis</span> 
     </span>
     <span class='ocr_line' id='line_1_5' title="bbox 99 690 853 773; baseline 0.001 -21"><span class='ocrx_word' id='word_1_23' title='bbox 99 690 277 752; x_wconf 81' lang='lat' dir='ltr'><strong>Adventum</strong></span> <span class='ocrx_word' id='word_1_24' title='bbox 291 692 443 773; x_wconf 90' lang='lat' dir='ltr'>sociasque</span> <span class='ocrx_word' id='word_1_25' title='bbox 459 697 551 770; x_wconf 85' lang='lat' dir='ltr'>rates,</span> <span class='ocrx_word' id='word_1_26' title='bbox 567 692 697 753; x_wconf 89' lang='lat' dir='ltr'>occurrit</span> <span class='ocrx_word' id='word_1_27' title='bbox 712 690 853 768; x_wconf 89' lang='lat' dir='ltr'>Acestes,</span> 
     </span>
     <span class='ocr_line' id='line_1_6' title="bbox 100 776 854 860; baseline 0.001 -23"><span class='ocrx_word' id='word_1_28' title='bbox 100 776 250 838; x_wconf 82' lang='lat' dir='ltr'>Horridus</span> <span class='ocrx_word' id='word_1_29' title='bbox 264 776 296 837; x_wconf 88' lang='lat' dir='ltr'>in</span> <span class='ocrx_word' id='word_1_30' title='bbox 305 777 414 860; x_wconf 87' lang='lat' dir='ltr'>jaculis</span> <span class='ocrx_word' id='word_1_31' title='bbox 430 783 461 838; x_wconf 88' lang='lat' dir='ltr'>et</span> <span class='ocrx_word' id='word_1_32' title='bbox 475 777 552 858; x_wconf 91' lang='lat' dir='ltr'>pelle</span> <span class='ocrx_word' id='word_1_33' title='bbox 569 776 731 860; x_wconf 81' lang='lat' dir='ltr'>Libystidis</span> <span class='ocrx_word' id='word_1_34' title='bbox 746 797 834 839; x_wconf 87' lang='lat' dir='ltr'>ursae</span> <span class='ocrx_word' id='word_1_35' title='bbox 846 796 854 852; x_wconf 91' lang='lat'>余</span> 
     </span>
     <span class='ocr_line' id='line_1_7' title="bbox 101 860 771 944; baseline 0.001 -22"><span class='ocrx_word' id='word_1_36' title='bbox 101 861 190 923; x_wconf 81' lang='lat' dir='ltr'>Troia</span> <span class='ocrx_word' id='word_1_37' title='bbox 206 860 331 924; x_wconf 80' lang='lat' dir='ltr'>Crimiso</span> <span class='ocrx_word' id='word_1_38' title='bbox 346 868 523 944; x_wconf 91' lang='lat' dir='ltr'>conceptum</span> <span class='ocrx_word' id='word_1_39' title='bbox 537 862 658 923; x_wconf 89' lang='lat' dir='ltr'>flumine</span> <span class='ocrx_word' id='word_1_40' title='bbox 673 868 771 923; x_wconf 89' lang='lat' dir='ltr'>mater</span> 
     </span>
     <span class='ocr_line' id='line_1_8' title="bbox 101 944 1009 1028; baseline -0.003 -20"><span class='ocrx_word' id='word_1_41' title='bbox 101 944 197 1018; x_wconf 82' lang='lat' dir='ltr'>Quem</span> <span class='ocrx_word' id='word_1_42' title='bbox 213 947 326 1028; x_wconf 90' lang='lat' dir='ltr'>genuit.</span> <span class='ocrx_word' id='word_1_43' title='bbox 371 946 520 1010; x_wconf 86' lang='lat' dir='ltr'>Veterum</span> <span class='ocrx_word' id='word_1_44' title='bbox 533 968 594 1008; x_wconf 90' lang='lat' dir='ltr'>uon</span> <span class='ocrx_word' id='word_1_45' title='bbox 608 947 762 1009; x_wconf 90' lang='lat' dir='ltr'>immemor</span> <span class='ocrx_word' id='word_1_46' title='bbox 775 947 824 1008; x_wconf 92' lang='lat' dir='ltr'>ille</span> <span class='ocrx_word' id='word_1_47' title='bbox 840 951 1009 1028; x_wconf 89' lang='lat' dir='ltr'>parentum,</span> 
     </span>
     <span class='ocr_line' id='line_1_9' title="bbox 102 1029 876 1113; baseline 0.003 -21"><span class='ocrx_word' id='word_1_48' title='bbox 102 1029 248 1093; x_wconf 86' lang='lat' dir='ltr'>Gratatur</span> <span class='ocrx_word' id='word_1_49' title='bbox 262 1032 408 1108; x_wconf 91' lang='lat' dir='ltr'>reduces余</span> <span class='ocrx_word' id='word_1_50' title='bbox 432 1038 463 1094; x_wconf 93' lang='lat' dir='ltr'>et</span> <span class='ocrx_word' id='word_1_51' title='bbox 477 1053 552 1113; x_wconf 86' lang='lat' dir='ltr'>gaza</span> <span class='ocrx_word' id='word_1_52' title='bbox 565 1033 663 1094; x_wconf 90' lang='lat' dir='ltr'>laetus</span> <span class='ocrx_word' id='word_1_53' title='bbox 678 1031 790 1113; x_wconf 88' lang='lat' dir='ltr'>agresti</span> <span class='ocrx_word' id='word_1_54' title='bbox 870 1076 876 1084; x_wconf 83' lang='lat'><em>-</em></span> 
     </span>
     <span class='ocr_line' id='line_1_10' title="bbox 101 1115 762 1200; baseline 0.005 -24"><span class='ocrx_word' id='word_1_55' title='bbox 101 1115 231 1199; x_wconf 79' lang='lat' dir='ltr'>Excipit,</span> <span class='ocrx_word' id='word_1_56' title='bbox 247 1138 282 1180; x_wconf 90' lang='lat' dir='ltr'>ae</span> <span class='ocrx_word' id='word_1_57' title='bbox 296 1118 390 1180; x_wconf 85' lang='lat' dir='ltr'>fessos</span> <span class='ocrx_word' id='word_1_58' title='bbox 405 1118 509 1200; x_wconf 90' lang='lat' dir='ltr'>opibus</span> <span class='ocrx_word' id='word_1_59' title='bbox 524 1119 636 1179; x_wconf 91' lang='lat' dir='ltr'>solatur</span> <span class='ocrx_word' id='word_1_60' title='bbox 651 1118 762 1179; x_wconf 84' lang='lat' dir='ltr'>amicis.</span> 
     </span>
    </p>

    <p class='ocr_par' dir='ltr' id='par_1_4' title="bbox 100 1200 825 1285">
     <span class='ocr_line' id='line_1_11' title="bbox 100 1200 825 1285; baseline 0.003 -23"><span class='ocrx_word' id='word_1_61' title='bbox 100 1200 226 1264; x_wconf 89' lang='lat' dir='ltr'>Postera</span> <span class='ocrx_word' id='word_1_62' title='bbox 241 1218 333 1284; x_wconf 91' lang='lat' dir='ltr'>quum</span> <span class='ocrx_word' id='word_1_63' title='bbox 349 1203 443 1285; x_wconf 90' lang='lat' dir='ltr'>primo</span> <span class='ocrx_word' id='word_1_64' title='bbox 458 1204 559 1264; x_wconf 89' lang='lat' dir='ltr'>stellas</span> <span class='ocrx_word' id='word_1_65' title='bbox 574 1201 687 1264; x_wconf 89' lang='lat' dir='ltr'>oriente</span> <span class='ocrx_word' id='word_1_66' title='bbox 703 1202 825 1284; x_wconf 87' lang='lat' dir='ltr'>fugarat</span> 
     </span>
    </p>

    <p class='ocr_par' dir='ltr' id='par_1_5' title="bbox 99 1285 926 1625">
     <span class='ocr_line' id='line_1_12' title="bbox 101 1285 831 1363; baseline 0.003 -17"><span class='ocrx_word' id='word_1_67' title='bbox 101 1285 191 1349; x_wconf 81' lang='lat' dir='ltr'>Clara</span> <span class='ocrx_word' id='word_1_68' title='bbox 206 1287 288 1363; x_wconf 83' lang='lat' dir='ltr'>dies3</span> <span class='ocrx_word' id='word_1_69' title='bbox 312 1288 404 1350; x_wconf 93' lang='lat' dir='ltr'>socios</span> <span class='ocrx_word' id='word_1_70' title='bbox 419 1289 450 1349; x_wconf 92' lang='lat' dir='ltr'>in</span> <span class='ocrx_word' id='word_1_71' title='bbox 465 1293 583 1349; x_wconf 88' lang='lat' dir='ltr'>coetum</span> <span class='ocrx_word' id='word_1_72' title='bbox 599 1287 684 1351; x_wconf 89' lang='lat' dir='ltr'>litore</span> <span class='ocrx_word' id='word_1_73' title='bbox 700 1289 737 1350; x_wconf 88' lang='lat' dir='ltr'>ab</span> <span class='ocrx_word' id='word_1_74' title='bbox 753 1287 831 1350; x_wconf 92' lang='lat' dir='ltr'>omni</span> 
     </span>
     <span class='ocr_line' id='line_1_13' title="bbox 100 1372 861 1455; baseline 0.001 -22"><span class='ocrx_word' id='word_1_75' title='bbox 100 1373 238 1434; x_wconf 87' lang='lat' dir='ltr'>Advocat</span> <span class='ocrx_word' id='word_1_76' title='bbox 252 1372 386 1451; x_wconf 79' lang='lat' dir='ltr'>Aeneas,</span> <span class='ocrx_word' id='word_1_77' title='bbox 401 1373 566 1455; x_wconf 91' lang='lat' dir='ltr'>tumulique</span> <span class='ocrx_word' id='word_1_78' title='bbox 583 1393 620 1434; x_wconf 89' lang='lat' dir='ltr'>ex</span> <span class='ocrx_word' id='word_1_79' title='bbox 635 1393 746 1454; x_wconf 82' lang='lat' dir='ltr'>aggere</span> <span class='ocrx_word' id='word_1_80' title='bbox 762 1373 861 1435; x_wconf 85' lang='lat' dir='ltr'>fatur:</span> 
     </span>
     <span class='ocr_line' id='line_1_14' title="bbox 100 1457 926 1540; baseline 0 -20"><span class='ocrx_word' id='word_1_81' title='bbox 100 1457 292 1520; x_wconf 80' lang='lat' dir='ltr'>Dardanidae</span> <span class='ocrx_word' id='word_1_82' title='bbox 307 1458 419 1540; x_wconf 88' lang='lat' dir='ltr'>magni,</span> <span class='ocrx_word' id='word_1_83' title='bbox 434 1478 529 1539; x_wconf 90' lang='lat' dir='ltr'>genus</span> <span class='ocrx_word' id='word_1_84' title='bbox 544 1459 604 1520; x_wconf 90' lang='lat' dir='ltr'>alto</span> <span class='ocrx_word' id='word_1_85' title='bbox 619 1478 638 1520; x_wconf 88' lang='lat' dir='ltr'>a</span> <span class='ocrx_word' id='word_1_86' title='bbox 652 1458 797 1540; x_wconf 74' lang='lat' dir='ltr'>sangiune</span> <span class='ocrx_word' id='word_1_87' title='bbox 813 1458 926 1536; x_wconf 89' lang='lat' dir='ltr'>divum,</span> 
     </span>
     <span class='ocr_line' id='line_1_15' title="bbox 99 1542 805 1625; baseline 0.003 -21"><span class='ocrx_word' id='word_1_88' title='bbox 99 1542 229 1604; x_wconf 85' lang='lat' dir='ltr'>Annuus</span> <span class='ocrx_word' id='word_1_89' title='bbox 244 1543 356 1605; x_wconf 75' lang='lat' dir='ltr'>exactis</span> <span class='ocrx_word' id='word_1_90' title='bbox 372 1544 537 1625; x_wconf 88' lang='lat' dir='ltr'>completur</span> <span class='ocrx_word' id='word_1_91' title='bbox 550 1543 701 1607; x_wconf 90' lang='lat' dir='ltr'>mensibus</span> <span class='ocrx_word' id='word_1_92' title='bbox 716 1544 805 1624; x_wconf 90' lang='lat' dir='ltr'>orbis,</span> 
     </span>
    </p>

    <p class='ocr_par' dir='ltr' id='par_1_6' title="bbox 97 1627 1018 2308">
     <span class='ocr_line' id='line_1_16' title="bbox 100 1627 775 1712; baseline 0.003 -23"><span class='ocrx_word' id='word_1_93' title='bbox 100 1627 148 1689; x_wconf 86' lang='lat' dir='ltr'>Ex</span> <span class='ocrx_word' id='word_1_94' title='bbox 163 1649 221 1709; x_wconf 91' lang='lat' dir='ltr'>quo</span> <span class='ocrx_word' id='word_1_95' title='bbox 236 1628 377 1710; x_wconf 89' lang='lat' dir='ltr'>reliquias</span> <span class='ocrx_word' id='word_1_96' title='bbox 393 1628 544 1711; x_wconf 88' lang='lat' dir='ltr'>divinique</span> <span class='ocrx_word' id='word_1_97' title='bbox 559 1649 625 1691; x_wconf 87' lang='lat' dir='ltr'>ossa</span> <span class='ocrx_word' id='word_1_98' title='bbox 643 1630 775 1712; x_wconf 88' lang='lat' dir='ltr'>parentis</span> 
     </span>
     <span class='ocr_line' id='line_1_17' title="bbox 101 1713 895 1796; baseline -0.001 -21"><span class='ocrx_word' id='word_1_99' title='bbox 101 1713 293 1776; x_wconf 82' lang='lat' dir='ltr'>Condidimus</span> <span class='ocrx_word' id='word_1_100' title='bbox 309 1720 401 1792; x_wconf 88' lang='lat' dir='ltr'>terra,</span> <span class='ocrx_word' id='word_1_101' title='bbox 416 1721 604 1796; x_wconf 84' lang='lat' dir='ltr'>maestasque</span> <span class='ocrx_word' id='word_1_102' title='bbox 620 1715 802 1777; x_wconf 79' lang='lat' dir='ltr'>sacravimus</span> <span class='ocrx_word' id='word_1_103' title='bbox 817 1733 895 1776; x_wconf 88' lang='lat' dir='ltr'>aras.</span> 
     </span>
     <span class='ocr_line' id='line_1_18' title="bbox 98 1797 1018 1882; baseline -0.004 -21"><span class='ocrx_word' id='word_1_104' title='bbox 98 1798 229 1881; x_wconf 86' lang='lat' dir='ltr'>Jamque</span> <span class='ocrx_word' id='word_1_105' title='bbox 245 1799 319 1878; x_wconf 90' lang='lat' dir='ltr'>dies,</span> <span class='ocrx_word' id='word_1_106' title='bbox 334 1799 391 1861; x_wconf 92' lang='lat' dir='ltr'>nisi</span> <span class='ocrx_word' id='word_1_107' title='bbox 405 1799 502 1876; x_wconf 87' lang='lat' dir='ltr'>fallor,</span> <span class='ocrx_word' id='word_1_108' title='bbox 518 1799 614 1878; x_wconf 84' lang='lat' dir='ltr'>adest,</span> <span class='ocrx_word' id='word_1_109' title='bbox 629 1820 718 1881; x_wconf 91' lang='lat' dir='ltr'>quem</span> <span class='ocrx_word' id='word_1_110' title='bbox 733 1819 851 1882; x_wconf 85' lang='lat' dir='ltr'>semper</span> <span class='ocrx_word' id='word_1_111' title='bbox 866 1797 1018 1875; x_wconf 87' lang='lat' dir='ltr'>acerbum,</span> 
     </span>
     <span class='ocr_line' id='line_1_19' title="bbox 101 1882 901 1967; baseline -0.003 -21"><span class='ocrx_word' id='word_1_112' title='bbox 101 1882 227 1967; x_wconf 85' lang='lat' dir='ltr'>Semper</span> <span class='ocrx_word' id='word_1_113' title='bbox 241 1885 416 1947; x_wconf 90' lang='lat' dir='ltr'>honoratum</span> <span class='ocrx_word' id='word_1_114' title='bbox 425 1885 519 1947; x_wconf 89' lang='lat' dir='ltr'>-sic</span> <span class='ocrx_word' id='word_1_115' title='bbox 536 1884 567 1946; x_wconf 91' lang='lat' dir='ltr'>di</span> <span class='ocrx_word' id='word_1_116' title='bbox 580 1885 714 1947; x_wconf 89' lang='lat' dir='ltr'>voluistis</span> <span class='ocrx_word' id='word_1_117' title='bbox 723 1883 901 1947; x_wconf 64' lang='lat' dir='ltr'>ss-habebo.</span> 
     </span>
     <span class='ocr_line' id='line_1_20' title="bbox 99 1967 860 2053; baseline -0.001 -22"><span class='ocrx_word' id='word_1_118' title='bbox 99 1968 191 2032; x_wconf 90' lang='lat' dir='ltr'>Hunc</span> <span class='ocrx_word' id='word_1_119' title='bbox 207 1991 264 2052; x_wconf 89' lang='lat' dir='ltr'>ego</span> <span class='ocrx_word' id='word_1_120' title='bbox 280 1967 417 2032; x_wconf 83' lang='lat' dir='ltr'>Gaetulis</span> <span class='ocrx_word' id='word_1_121' title='bbox 431 1991 555 2052; x_wconf 87' lang='lat' dir='ltr'>agerem</span> <span class='ocrx_word' id='word_1_122' title='bbox 568 1970 593 2032; x_wconf 91' lang='lat' dir='ltr'>si</span> <span class='ocrx_word' id='word_1_123' title='bbox 610 1968 749 2053; x_wconf 82' lang='lat' dir='ltr'>Syrtibus</span> <span class='ocrx_word' id='word_1_124' title='bbox 765 1970 860 2047; x_wconf 88' lang='lat' dir='ltr'>exsul,</span> 
     </span>
     <span class='ocr_line' id='line_1_21' title="bbox 98 2053 881 2138; baseline 0 -22"><span class='ocrx_word' id='word_1_125' title='bbox 98 2053 279 2136; x_wconf 85' lang='lat' dir='ltr'>Argolicove</span> <span class='ocrx_word' id='word_1_126' title='bbox 292 2055 367 2117; x_wconf 90' lang='lat' dir='ltr'>mari</span> <span class='ocrx_word' id='word_1_127' title='bbox 383 2055 558 2138; x_wconf 88' lang='lat' dir='ltr'>deprensus,</span> <span class='ocrx_word' id='word_1_128' title='bbox 574 2061 605 2117; x_wconf 90' lang='lat' dir='ltr'>et</span> <span class='ocrx_word' id='word_1_129' title='bbox 619 2055 692 2117; x_wconf 88' lang='lat' dir='ltr'>urbe</span> <span class='ocrx_word' id='word_1_130' title='bbox 711 2055 861 2138; x_wconf 88' lang='lat' dir='ltr'>Mycenae</span> <span class='ocrx_word' id='word_1_131' title='bbox 873 2073 881 2130; x_wconf 93' lang='lat'>余</span> 
     </span>
     <span class='ocr_line' id='line_1_22' title="bbox 97 2139 881 2223; baseline 0 -22"><span class='ocrx_word' id='word_1_132' title='bbox 97 2139 212 2202; x_wconf 90' lang='lat' dir='ltr'>Annua</span> <span class='ocrx_word' id='word_1_133' title='bbox 226 2147 295 2203; x_wconf 90' lang='lat' dir='ltr'>vota</span> <span class='ocrx_word' id='word_1_134' title='bbox 309 2147 411 2203; x_wconf 89' lang='lat' dir='ltr'>tamen</span> <span class='ocrx_word' id='word_1_135' title='bbox 421 2141 625 2222; x_wconf 86' lang='lat' dir='ltr'>solemnesque</span> <span class='ocrx_word' id='word_1_136' title='bbox 641 2140 743 2202; x_wconf 89' lang='lat' dir='ltr'>ordine</span> <span class='ocrx_word' id='word_1_137' title='bbox 758 2159 881 2223; x_wconf 89' lang='lat' dir='ltr'>pompas</span> 
     </span>
     <span class='ocr_line' id='line_1_23' title="bbox 99 2225 828 2308; baseline 0.001 -22"><span class='ocrx_word' id='word_1_138' title='bbox 99 2225 300 2308; x_wconf 82' lang='lat' dir='ltr'>Exsequerer,</span> <span class='ocrx_word' id='word_1_139' title='bbox 315 2232 521 2308; x_wconf 88' lang='lat' dir='ltr'>strueremque</span> <span class='ocrx_word' id='word_1_140' title='bbox 538 2225 598 2288; x_wconf 90' lang='lat' dir='ltr'>suis</span> <span class='ocrx_word' id='word_1_141' title='bbox 613 2225 719 2288; x_wconf 89' lang='lat' dir='ltr'>altaria</span> <span class='ocrx_word' id='word_1_142' title='bbox 734 2225 828 2287; x_wconf 91' lang='lat' dir='ltr'>donis.</span> 
     </span>
    </p>

    <p class='ocr_par' dir='ltr' id='par_1_7' title="bbox 97 2310 974 2565">
     <span class='ocr_line' id='line_1_24' title="bbox 98 2310 860 2394; baseline 0.001 -23"><span class='ocrx_word' id='word_1_143' title='bbox 98 2310 131 2371; x_wconf 92' lang='lat' dir='ltr'>N</span> <span class='ocrx_word' id='word_1_144' title='bbox 131 2332 189 2373; x_wconf 92' lang='lat' dir='ltr'>unc</span> <span class='ocrx_word' id='word_1_145' title='bbox 204 2312 282 2372; x_wconf 92' lang='lat' dir='ltr'>ultro</span> <span class='ocrx_word' id='word_1_146' title='bbox 298 2311 337 2373; x_wconf 90' lang='lat' dir='ltr'>ad</span> <span class='ocrx_word' id='word_1_147' title='bbox 353 2312 467 2373; x_wconf 90' lang='lat' dir='ltr'>cineres</span> <span class='ocrx_word' id='word_1_148' title='bbox 482 2311 574 2393; x_wconf 91' lang='lat' dir='ltr'>ipsius</span> <span class='ocrx_word' id='word_1_149' title='bbox 590 2316 621 2371; x_wconf 90' lang='lat' dir='ltr'>et</span> <span class='ocrx_word' id='word_1_150' title='bbox 635 2331 701 2373; x_wconf 89' lang='lat' dir='ltr'>ossa</span> <span class='ocrx_word' id='word_1_151' title='bbox 716 2311 860 2394; x_wconf 89' lang='lat' dir='ltr'>parentis,</span> 
     </span>
     <span class='ocr_line' id='line_1_25' title="bbox 98 2395 974 2478; baseline 0 -22"><span class='ocrx_word' id='word_1_152' title='bbox 98 2395 191 2458; x_wconf 92' lang='lat' dir='ltr'>Haud</span> <span class='ocrx_word' id='word_1_153' title='bbox 207 2397 345 2478; x_wconf 89' lang='lat' dir='ltr'>equidem</span> <span class='ocrx_word' id='word_1_154' title='bbox 361 2397 423 2459; x_wconf 88' lang='lat' dir='ltr'>sine</span> <span class='ocrx_word' id='word_1_155' title='bbox 438 2403 537 2459; x_wconf 90' lang='lat' dir='ltr'>mente</span> <span class='ocrx_word' id='word_1_156' title='bbox 554 2416 631 2475; x_wconf 89' lang='lat' dir='ltr'>reor,</span> <span class='ocrx_word' id='word_1_157' title='bbox 647 2397 710 2458; x_wconf 89' lang='lat' dir='ltr'>sine</span> <span class='ocrx_word' id='word_1_158' title='bbox 726 2397 846 2458; x_wconf 89' lang='lat' dir='ltr'>numine</span> <span class='ocrx_word' id='word_1_159' title='bbox 862 2395 974 2475; x_wconf 91' lang='lat' dir='ltr'>divum,</span> 
     </span>
     <span class='ocr_line' id='line_1_26' title="bbox 97 2480 829 2565; baseline 0.001 -24"><span class='ocrx_word' id='word_1_160' title='bbox 97 2480 263 2560; x_wconf 90' lang='lat' dir='ltr'>Adsumus,</span> <span class='ocrx_word' id='word_1_161' title='bbox 281 2489 428 2565; x_wconf 85' lang='lat' dir='ltr'>otpertus</span> <span class='ocrx_word' id='word_1_162' title='bbox 444 2482 536 2545; x_wconf 90' lang='lat' dir='ltr'>delati</span> <span class='ocrx_word' id='word_1_163' title='bbox 550 2482 694 2544; x_wconf 89' lang='lat' dir='ltr'>intramus</span> <span class='ocrx_word' id='word_1_164' title='bbox 710 2483 829 2544; x_wconf 87' lang='lat' dir='ltr'>amicos.</span> 
     </span>
    </p>

    <p class='ocr_par' dir='ltr' id='par_1_8' title="bbox 98 2566 952 2820">
     <span class='ocr_line' id='line_1_27' title="bbox 98 2566 952 2649; baseline -0.004 -20"><span class='ocrx_word' id='word_1_165' title='bbox 98 2566 180 2649; x_wconf 85' lang='lat' dir='ltr'>Ergo</span> <span class='ocrx_word' id='word_1_166' title='bbox 197 2568 288 2649; x_wconf 89' lang='lat' dir='ltr'>agite,</span> <span class='ocrx_word' id='word_1_167' title='bbox 304 2574 335 2629; x_wconf 91' lang='lat' dir='ltr'>et</span> <span class='ocrx_word' id='word_1_168' title='bbox 348 2568 461 2628; x_wconf 90' lang='lat' dir='ltr'>laetum</span> <span class='ocrx_word' id='word_1_169' title='bbox 476 2567 576 2629; x_wconf 76' lang='lat' dir='ltr'>crmcti</span> <span class='ocrx_word' id='word_1_170' title='bbox 592 2567 952 2641; x_wconf 80' lang='lat' dir='ltr'>celebremushonorem3</span> 
     </span>
     <span class='ocr_line' id='line_1_28' title="bbox 98 2652 923 2734; baseline -0.001 -21"><span class='ocrx_word' id='word_1_171' title='bbox 98 2652 260 2715; x_wconf 88' lang='lat' dir='ltr'>Poscamus</span> <span class='ocrx_word' id='word_1_172' title='bbox 275 2660 390 2731; x_wconf 90' lang='lat' dir='ltr'>ventos,</span> <span class='ocrx_word' id='word_1_173' title='bbox 406 2658 496 2734; x_wconf 92' lang='lat' dir='ltr'>atque</span> <span class='ocrx_word' id='word_1_174' title='bbox 511 2653 585 2715; x_wconf 88' lang='lat' dir='ltr'>haec</span> <span class='ocrx_word' id='word_1_175' title='bbox 601 2673 648 2713; x_wconf 90' lang='lat' dir='ltr'>me</span> <span class='ocrx_word' id='word_1_176' title='bbox 665 2673 751 2715; x_wconf 87' lang='lat' dir='ltr'>saera</span> <span class='ocrx_word' id='word_1_177' title='bbox 766 2652 923 2734; x_wconf 83' lang='lat' dir='ltr'>quotannis</span> 
     </span>
     <span class='ocr_line' id='line_1_29' title="bbox 98 2737 806 2820; baseline -0.001 -21"><span class='ocrx_word' id='word_1_178' title='bbox 98 2737 181 2799; x_wconf 86' lang='lat' dir='ltr'>Urbe</span> <span class='ocrx_word' id='word_1_179' title='bbox 198 2738 269 2798; x_wconf 89' lang='lat' dir='ltr'>velit</span> <span class='ocrx_word' id='word_1_180' title='bbox 283 2738 379 2820; x_wconf 89' lang='lat' dir='ltr'>posita</span> <span class='ocrx_word' id='word_1_181' title='bbox 394 2739 511 2820; x_wconf 91' lang='lat' dir='ltr'>templis</span> <span class='ocrx_word' id='word_1_182' title='bbox 526 2739 582 2800; x_wconf 90' lang='lat' dir='ltr'>sibi</span> <span class='ocrx_word' id='word_1_183' title='bbox 595 2738 675 2798; x_wconf 87' lang='lat' dir='ltr'>ferre</span> <span class='ocrx_word' id='word_1_184' title='bbox 691 2737 806 2800; x_wconf 87' lang='lat' dir='ltr'>dicatis.</span> 
     </span>
    </p>

    <p class='ocr_par' dir='ltr' id='par_1_9' title="bbox 97 2821 799 2905">
     <span class='ocr_line' id='line_1_30' title="bbox 97 2821 799 2905; baseline 0.001 -22"><span class='ocrx_word' id='word_1_185' title='bbox 97 2821 176 2884; x_wconf 90' lang='lat' dir='ltr'>Bina</span> <span class='ocrx_word' id='word_1_186' title='bbox 189 2823 278 2883; x_wconf 86' lang='lat' dir='ltr'>boum</span> <span class='ocrx_word' id='word_1_187' title='bbox 293 2822 374 2884; x_wconf 90' lang='lat' dir='ltr'>vobis</span> <span class='ocrx_word' id='word_1_188' title='bbox 390 2821 479 2905; x_wconf 80' lang='lat' dir='ltr'>Troja</span> <span class='ocrx_word' id='word_1_189' title='bbox 494 2831 655 2904; x_wconf 89' lang='lat' dir='ltr'>generatus</span> <span class='ocrx_word' id='word_1_190' title='bbox 671 2821 799 2885; x_wconf 84' lang='lat' dir='ltr'>Acestes</span> 
     </span>
    </p>

    <p class='ocr_par' dir='ltr' id='par_1_10' title="bbox 97 2907 892 2989">
     <span class='ocr_line' id='line_1_31' title="bbox 97 2907 892 2989; baseline 0.003 -21"><span class='ocrx_word' id='word_1_191' title='bbox 97 2907 160 2968; x_wconf 91' lang='lat' dir='ltr'>Dat</span> <span class='ocrx_word' id='word_1_192' title='bbox 174 2928 298 2970; x_wconf 89' lang='lat' dir='ltr'>numero</span> <span class='ocrx_word' id='word_1_193' title='bbox 313 2908 413 2989; x_wconf 87' lang='lat' dir='ltr'>capita</span> <span class='ocrx_word' id='word_1_194' title='bbox 426 2908 457 2969; x_wconf 91' lang='lat' dir='ltr'>in</span> <span class='ocrx_word' id='word_1_195' title='bbox 471 2929 581 2970; x_wconf 86' lang='lat' dir='ltr'>neves:</span> <span class='ocrx_word' id='word_1_196' title='bbox 607 2908 745 2969; x_wconf 88' lang='lat' dir='ltr'>adhibete</span> <span class='ocrx_word' id='word_1_197' title='bbox 761 2907 892 2970; x_wconf 84' lang='lat' dir='ltr'>Penates</span> 
     </span>
    </p>

    <p class='ocr_par' dir='ltr' id='par_1_11' title="bbox 97 2992 882 3156">
     <span class='ocr_line' id='line_1_32' title="bbox 98 2992 882 3075; baseline 0.003 -22"><span class='ocrx_word' id='word_1_198' title='bbox 98 2992 139 3053; x_wconf 84' lang='lat' dir='ltr'>Et</span> <span class='ocrx_word' id='word_1_199' title='bbox 154 2993 264 3074; x_wconf 91' lang='lat' dir='ltr'>patrios</span> <span class='ocrx_word' id='word_1_200' title='bbox 280 2993 386 3075; x_wconf 65' lang='lat' dir='ltr'>epulis</span> <span class='ocrx_word' id='word_1_201' title='bbox 403 2998 434 3054; x_wconf 89' lang='lat' dir='ltr'>et</span> <span class='ocrx_word' id='word_1_202' title='bbox 448 3014 522 3074; x_wconf 92' lang='lat' dir='ltr'>quos</span> <span class='ocrx_word' id='word_1_203' title='bbox 537 2994 607 3056; x_wconf 90' lang='lat' dir='ltr'>colit</span> <span class='ocrx_word' id='word_1_204' title='bbox 621 2993 728 3075; x_wconf 87' lang='lat' dir='ltr'>hospes</span> <span class='ocrx_word' id='word_1_205' title='bbox 743 2993 882 3055; x_wconf 88' lang='lat' dir='ltr'>Acestes.</span> 
     </span>
     <span class='ocr_line' id='line_1_33' title="bbox 97 3076 810 3156; baseline 0.001 -18"><span class='ocrx_word' id='word_1_206' title='bbox 97 3076 272 3156; x_wconf 89' lang='lat' dir='ltr'>Praeterea,</span> <span class='ocrx_word' id='word_1_207' title='bbox 287 3079 312 3140; x_wconf 90' lang='lat' dir='ltr'>si</span> <span class='ocrx_word' id='word_1_208' title='bbox 326 3099 405 3140; x_wconf 92' lang='lat' dir='ltr'>nona</span> <span class='ocrx_word' id='word_1_209' title='bbox 420 3078 498 3140; x_wconf 89' lang='lat' dir='ltr'>diem</span> <span class='ocrx_word' id='word_1_210' title='bbox 513 3079 685 3140; x_wconf 86' lang='lat' dir='ltr'>mortalibus</span> <span class='ocrx_word' id='word_1_211' title='bbox 700 3077 810 3140; x_wconf 89' lang='lat' dir='ltr'>almum</span> 
     </span>
    </p>

    <p class='ocr_par' dir='ltr' id='par_1_12' title="bbox 96 3162 918 3503">
     <span class='ocr_line' id='line_1_34' title="bbox 96 3162 835 3247; baseline 0.001 -23"><span class='ocrx_word' id='word_1_212' title='bbox 96 3162 218 3225; x_wconf 90' lang='lat' dir='ltr'>Aurora</span> <span class='ocrx_word' id='word_1_213' title='bbox 233 3164 382 3242; x_wconf 86' lang='lat' dir='ltr'>extulerit,</span> <span class='ocrx_word' id='word_1_214' title='bbox 398 3163 549 3247; x_wconf 88' lang='lat' dir='ltr'>radiisque</span> <span class='ocrx_word' id='word_1_215' title='bbox 564 3164 707 3226; x_wconf 88' lang='lat' dir='ltr'>retexerit</span> <span class='ocrx_word' id='word_1_216' title='bbox 722 3164 835 3242; x_wconf 85' lang='lat' dir='ltr'>orbern,</span> 
     </span>
     <span class='ocr_line' id='line_1_35' title="bbox 97 3246 869 3331; baseline 0.005 -23"><span class='ocrx_word' id='word_1_217' title='bbox 97 3246 199 3309; x_wconf 89' lang='lat' dir='ltr'>Prima</span> <span class='ocrx_word' id='word_1_218' title='bbox 214 3249 292 3310; x_wconf 90' lang='lat' dir='ltr'>citae</span> <span class='ocrx_word' id='word_1_219' title='bbox 307 3249 432 3310; x_wconf 78' lang='lat' dir='ltr'>Teucris</span> <span class='ocrx_word' id='word_1_220' title='bbox 447 3270 554 3331; x_wconf 90' lang='lat' dir='ltr'>ponam</span> <span class='ocrx_word' id='word_1_221' title='bbox 570 3248 734 3311; x_wconf 87' lang='lat' dir='ltr'>certamina</span> <span class='ocrx_word' id='word_1_222' title='bbox 749 3251 869 3325; x_wconf 80' lang='lat' dir='ltr'>classis3</span> 
     </span>
     <span class='ocr_line' id='line_1_36' title="bbox 99 3331 918 3416; baseline 0.004 -24"><span class='ocrx_word' id='word_1_223' title='bbox 99 3331 215 3413; x_wconf 88' lang='lat' dir='ltr'>Quique</span> <span class='ocrx_word' id='word_1_224' title='bbox 231 3333 341 3414; x_wconf 90' lang='lat' dir='ltr'>pedum</span> <span class='ocrx_word' id='word_1_225' title='bbox 357 3353 446 3394; x_wconf 88' lang='lat' dir='ltr'>cursu</span> <span class='ocrx_word' id='word_1_226' title='bbox 462 3336 553 3412; x_wconf 87' lang='lat' dir='ltr'>valet,</span> <span class='ocrx_word' id='word_1_227' title='bbox 569 3341 600 3396; x_wconf 92' lang='lat' dir='ltr'>et</span> <span class='ocrx_word' id='word_1_228' title='bbox 615 3334 666 3416; x_wconf 91' lang='lat' dir='ltr'>qui</span> <span class='ocrx_word' id='word_1_229' title='bbox 681 3334 792 3397; x_wconf 90' lang='lat' dir='ltr'>viribus</span> <span class='ocrx_word' id='word_1_230' title='bbox 808 3335 918 3413; x_wconf 86' lang='lat' dir='ltr'>audax,</span> 
     </span>
     <span class='ocr_line' id='line_1_37' title="bbox 96 3416 853 3503; baseline 0.007 -25"><span class='ocrx_word' id='word_1_231' title='bbox 96 3416 163 3478; x_wconf 89' lang='lat' dir='ltr'>Aut</span> <span class='ocrx_word' id='word_1_232' title='bbox 172 3418 274 3500; x_wconf 85' lang='lat' dir='ltr'>jaculo</span> <span class='ocrx_word' id='word_1_233' title='bbox 289 3417 401 3479; x_wconf 88' lang='lat' dir='ltr'>incedit</span> <span class='ocrx_word' id='word_1_234' title='bbox 415 3419 519 3480; x_wconf 89' lang='lat' dir='ltr'>melior</span> <span class='ocrx_word' id='word_1_235' title='bbox 532 3420 708 3503; x_wconf 89' lang='lat' dir='ltr'>levibusque</span> <span class='ocrx_word' id='word_1_236' title='bbox 724 3421 853 3502; x_wconf 89' lang='lat' dir='ltr'>sagittis,</span> 
     </span>
    </p>

    <p class='ocr_par' dir='ltr' id='par_1_13' title="bbox 99 3502 829 3584">
     <span class='ocr_line' id='line_1_38' title="bbox 99 3502 829 3584; baseline 0.004 -19"><span class='ocrx_word' id='word_1_237' title='bbox 99 3502 160 3565; x_wconf 85' lang='lat' dir='ltr'>Seu</span> <span class='ocrx_word' id='word_1_238' title='bbox 177 3503 268 3564; x_wconf 92' lang='lat' dir='ltr'>crudo</span> <span class='ocrx_word' id='word_1_239' title='bbox 283 3503 349 3564; x_wconf 88' lang='lat' dir='ltr'>fidit</span> <span class='ocrx_word' id='word_1_240' title='bbox 359 3524 490 3584; x_wconf 88' lang='lat' dir='ltr'>pugnam</span> <span class='ocrx_word' id='word_1_241' title='bbox 506 3505 689 3567; x_wconf 89' lang='lat' dir='ltr'>committere</span> <span class='ocrx_word' id='word_1_242' title='bbox 707 3514 829 3568; x_wconf 87' lang='lat' dir='ltr'>caestu:</span> 
     </span>
    </p>
   </div>
   <div class='ocr_carea' id='block_1_3' title="bbox 98 3587 1009 3844">
    <p class='ocr_par' dir='ltr' id='par_1_14' title="bbox 98 3587 1009 3844">
     <span class='ocr_line' id='line_1_39' title="bbox 98 3587 1009 3674; baseline 0.001 -24"><span class='ocrx_word' id='word_1_243' title='bbox 98 3587 206 3650; x_wconf 80' lang='lat' dir='ltr'>Cuncti</span> <span class='ocrx_word' id='word_1_244' title='bbox 222 3589 331 3665; x_wconf 90' lang='lat' dir='ltr'>adsint,</span> <span class='ocrx_word' id='word_1_245' title='bbox 345 3589 529 3671; x_wconf 87' lang='lat' dir='ltr'>meritaeque</span> <span class='ocrx_word' id='word_1_246' title='bbox 545 3596 721 3673; x_wconf 89' lang='lat' dir='ltr'>exspectent</span> <span class='ocrx_word' id='word_1_247' title='bbox 735 3591 867 3673; x_wconf 89' lang='lat' dir='ltr'>praemia</span> <span class='ocrx_word' id='word_1_248' title='bbox 881 3592 1009 3674; x_wconf 87' lang='lat' dir='ltr'>palmae.</span> 
     </span>
     <span class='ocr_line' id='line_1_40' title="bbox 99 3673 840 3758; baseline 0.003 -23"><span class='ocrx_word' id='word_1_249' title='bbox 99 3673 159 3735; x_wconf 90' lang='lat' dir='ltr'>Ore</span> <span class='ocrx_word' id='word_1_250' title='bbox 175 3674 275 3736; x_wconf 88' lang='lat' dir='ltr'>favete</span> <span class='ocrx_word' id='word_1_251' title='bbox 290 3694 402 3751; x_wconf 91' lang='lat' dir='ltr'>omnes,</span> <span class='ocrx_word' id='word_1_252' title='bbox 419 3681 450 3737; x_wconf 89' lang='lat' dir='ltr'>et</span> <span class='ocrx_word' id='word_1_253' title='bbox 465 3676 576 3758; x_wconf 90' lang='lat' dir='ltr'>cingite</span> <span class='ocrx_word' id='word_1_254' title='bbox 592 3683 727 3758; x_wconf 90' lang='lat' dir='ltr'>tempora</span> <span class='ocrx_word' id='word_1_255' title='bbox 741 3677 840 3738; x_wconf 89' lang='lat' dir='ltr'>ramis.</span> 
     </span>
     <span class='ocr_line' id='line_1_41' title="bbox 141 3757 817 3844; baseline 0.004 -24"><span class='ocrx_word' id='word_1_256' title='bbox 141 3757 191 3820; x_wconf 82' lang='lat' dir='ltr'>Sic</span> <span class='ocrx_word' id='word_1_257' title='bbox 206 3760 298 3838; x_wconf 87' lang='lat' dir='ltr'>fatus,</span> <span class='ocrx_word' id='word_1_258' title='bbox 314 3761 394 3822; x_wconf 89' lang='lat' dir='ltr'>velat</span> <span class='ocrx_word' id='word_1_259' title='bbox 409 3768 546 3823; x_wconf 89' lang='lat' dir='ltr'>materna</span> <span class='ocrx_word' id='word_1_260' title='bbox 560 3768 695 3844; x_wconf 88' lang='lat' dir='ltr'>tempora</span> <span class='ocrx_word' id='word_1_261' title='bbox 709 3768 817 3844; x_wconf 83' lang='lat' dir='ltr'>myrto.</span> 
     </span>
    </p>
   </div>
   <div class='ocr_carea' id='block_1_4' title="bbox 0 0 1252 4334">
    <p class='ocr_par' dir='ltr' id='par_1_15' title="bbox 0 0 1252 4334">
     <span class='ocr_line' id='line_1_42' title="bbox 0 0 1252 4334; baseline 0 1"><span class='ocrx_word' id='word_1_262' title='bbox 0 0 1252 4334; x_wconf 95' lang='lat' dir='ltr'> </span> 
     </span>
    </p>
   </div>
  </div>
 </body>
</html>
