2496 4334
437 324 466 370 P.
490 324 633 370 VIRGILII
658 322 804 370 MARONIS

136 478 220 541 Allia
235 478 458 562 serpyllumque
473 479 583 541 herbas
599 477 755 541 contrmdit
770 479 884 541 olentes
897 498 906 556 ;

137 564 184 627 At
198 585 317 626 mecum
331 565 441 643 raucis,
456 572 511 626 tua
525 565 597 626 dum
612 565 738 646 vestigia
752 564 858 644 lustro,

140 648 209 712 Sole
225 649 280 712 sub
296 650 415 712 ardenti
429 658 570 712 resonant
585 651 708 712 arbusta
723 650 844 712 cicadis.

138 734 247 797 Nonne
263 735 321 796 fuit
336 736 439 814 satius,
454 736 556 797 tristes
571 735 768 819 Amaryllidis
782 737 843 798 iras

137 820 242 903 Atque
258 822 388 903 superba
402 821 465 903 pati
479 821 600 883 fastidia
613 820 625 882 ‘l
649 842 747 883 nonne
763 819 950 884 Menalcan?
1112 842 1142 890 15

140 904 282 978 Quamvis
297 907 346 968 ille
361 907 459 988 nigor,
476 907 611 988 quamvis
626 912 660 968 tu
676 907 821 970 candidus
837 927 928 969 esses.

140 990 166 1053 0
182 992 309 1054 formose
326 1013 412 1074 puer,
427 993 551 1054 nimium
565 1014 604 1054 ne
620 993 710 1054 crede
727 993 817 1055 colori
830 991 837 1057 l

137 1076 219 1139 Alba
233 1078 360 1159 ligustra
375 1078 498 1156 cadunt,
513 1079 649 1141 vaccinia
662 1079 750 1160 nigra
763 1079 917 1160 leguntur.

137 1162 307 1246 Despectus
323 1164 377 1226 tibi
391 1185 467 1242 sum,
483 1185 551 1243 nee,
568 1165 619 1247 qui
634 1165 700 1240 sim,
716 1165 847 1246 quaeris,
862 1164 955 1228 Alexi
968 1183 976 1240 ;

138 1247 235 1321 Quam
250 1249 334 1312 dives
349 1251 476 1332 pecoris,
491 1250 571 1311 nivei
586 1271 677 1332 quarn
690 1250 777 1312 lactis
792 1250 958 1313 abundans.
1111 1267 1142 1317 20

137 1334 222 1396 Mille
237 1356 322 1398 meae
341 1334 448 1397 Siculis
464 1341 567 1397 errant
581 1336 612 1397 in
627 1336 775 1397 montibus
791 1356 898 1418 agnae.

137 1419 199 1483 Lac
215 1421 287 1482 mihi
301 1442 361 1482 non
376 1427 490 1483 aestate
505 1442 626 1498 novum,
641 1442 701 1483 non
715 1421 826 1503 frigore
844 1421 926 1484 defit.

138 1505 246 1584 Caute,
262 1527 339 1589 quae
355 1507 469 1586 solitus,
485 1506 644 1589 siquando
660 1513 796 1570 armenta
810 1508 948 1587 vocabat,

136 1590 289 1674 Amphion
304 1592 452 1654 Dircaeus
466 1593 498 1654 in
512 1591 631 1654 Actaeo
646 1592 836 1677 Aracynth0.

136 1677 204 1739 Nee
220 1698 286 1739 sum
301 1677 376 1740 adeo
391 1678 544 1740 informis:
568 1699 666 1760 nuper
680 1700 727 1740 mc
743 1680 775 1741 in
788 1679 876 1741 litore
892 1677 965 1755 vidi,
1109 1694 1141 1741 25

138 1760 238 1834 Quum
252 1763 403 1846 placidum
419 1764 515 1826 ventis
530 1770 625 1826 staret
639 1786 732 1827 mare.
778 1764 850 1827 Non
865 1785 922 1846 ego
936 1762 1090 1847 Daphnim

135 1848 157 1910 J
159 1849 247 1912 udice
262 1856 293 1912 te
308 1856 451 1928 metuam,
467 1850 493 1912 si
506 1871 661 1932 nunquam
675 1850 760 1913 fallat
774 1850 883 1932 imago.

139 1932 166 1996 Ο
182 1940 300 1996 tanturn
313 1935 406 1997 libeat
419 1956 538 1997 mecum
553 1936 607 1997 tibi
621 1936 742 1998 sordida
755 1957 828 1998 rura

135 2018 241 2102 Atque
256 2021 382 2083 humiles
397 2021 533 2083 habitare
550 2042 645 2100 cases,
668 2028 700 2083 et
714 2022 808 2103 figere
825 2041 940 2100 cervos,

135 2104 371 2188 Haedorumque
387 2128 512 2189 gregem
527 2106 614 2168 viridi
630 2108 807 2189 compellere
822 2105 955 2171 hibisco!

135 2189 260 2253 Mecum
274 2213 335 2254 una
349 2193 381 2254 in
396 2193 476 2255 srlvrs
492 2194 647 2254 nmtabere
663 2191 750 2254 Pana
764 2193 910 2255 canendo.

137 2276 204 2338 Pan
219 2276 331 2359 primus
347 2279 476 2340 calamos
491 2299 562 2340 cera
577 2279 758 2361 conjungere
774 2280 876 2360 plures

137 2361 292 2425 Instituit:
317 2363 384 2425 Pan
399 2369 486 2426 curat
500 2384 570 2425 oves
586 2364 744 2445 oviumque
759 2365 927 2446 magistros.

135 2446 203 2510 Nec
220 2454 250 2511 te
265 2449 418 2532 poeniteat
433 2450 546 2512 calamo
562 2450 678 2511 trivisse
693 2450 853 2512 labellum:

135 2533 223 2596 Haec
240 2535 346 2597 eadem
360 2541 395 2596 ut
410 2536 512 2614 sciret,
528 2535 601 2618 quid
615 2557 675 2597 non
689 2535 820 2598 faciebat
834 2532 1010 2620 Amyntas?

137 2619 194 2682 Est
208 2620 280 2682 mihi
295 2621 462 2703 disparibus
478 2628 593 2704 septem
608 2628 763 2704 compacta
779 2621 884 2683 cicutis

136 2705 263 2783 Fistula,
278 2705 441 2768 Damoetas
457 2707 533 2769 dono
547 2707 620 2768 mihi
635 2728 725 2787 quam
741 2706 825 2768 dedit
839 2707 919 2784 olim,

136 2791 177 2853 Ilt
192 2791 267 2852 dixit
281 2791 430 2854 moriens:
455 2799 485 2853 te
500 2813 580 2853 nunc
595 2793 687 2853 habet
701 2792 759 2853 ista
774 2793 949 2855 secundum.

134 2875 220 2938 Dixit
234 2876 397 2939 Damoetas
411 2897 419 2952 ;
442 2877 549 2939 invidit
563 2878 671 2939 stultus
686 2875 848 2961 Amyntas.

134 2961 300 3024 Praeterea
315 2962 385 3040 duo,
400 2983 456 3024 nec
472 2969 539 3024 tuta
552 2962 624 3024 mihi
639 2964 716 3025 valle
732 2964 856 3046 reperti,

135 3045 284 3131 capreoli,
300 3048 409 3130 sparsis
425 3049 516 3111 etiarn
530 3069 609 3110 nunc
625 3049 750 3131 pellibus
765 3050 843 3128 albe,

134 3132 214 3196 Bina
228 3134 277 3196 die
293 3134 408 3197 siccant
423 3135 486 3198 ovis
501 3136 596 3197 ubera
610 3155 617 3210 3
642 3156 716 3217 quos
731 3135 785 3196 tibi
800 3156 897 3197 servo.

133 3217 156 3281 J
157 3240 206 3281 arn
219 3220 337 3302 pridem
352 3241 371 3282 a
384 3241 432 3281 me
447 3221 513 3282 illos
529 3220 679 3282 abducere
695 3221 846 3304 Thestylis
860 3228 927 3282 orat
940 3240 948 3296 3

134 3303 177 3366 Et
190 3305 305 3381 faciet3
329 3305 468 3387 quoniam
482 3306 605 3368 sordent
619 3306 673 3367 tibi
687 3327 813 3369 munera
827 3313 940 3369 nostra.

133 3389 205 3453 Huc
221 3390 304 3469 ades,
320 3412 337 3453 o
352 3391 479 3454 formose
494 3413 590 3474 puer:
615 3391 669 3453 tibi
683 3392 745 3454 lilia
759 3393 855 3474 plenis

134 3474 216 3539 Ecce
231 3476 334 3538 ferunt
349 3477 510 3560 Nymphae
527 3477 651 3540 calathis
666 3497 674 3552 ;
697 3478 751 3539 tibi
766 3477 896 3540 candida
910 3476 999 3558 Nais,

132 3561 286 3624 Pallentes
301 3563 393 3625 violas
409 3569 440 3624 et
455 3584 570 3625 summa
585 3584 737 3645 papavera
752 3585 890 3646 carpens,

134 3647 311 3711 Narcissum
326 3654 357 3710 et
371 3649 474 3710 florem
484 3649 587 3732 jungit
601 3649 678 3711 bene
694 3649 800 3712 olentis
816 3649 919 3712 anethi
932 3669 940 3726 3

132 3731 220 3812 Tum,
236 3735 317 3797 casia
331 3740 422 3817 atque
438 3734 503 3797 aliis
517 3735 654 3797 intexens
669 3736 810 3798 suavibus
824 3734 936 3814 herbis,

132 3817 238 3883 Mollia
251 3820 363 3883 luteola
377 3820 473 3905 pingit
487 3820 623 3884 vaccinia
637 3821 747 3884 caltha.
