2496 4334
134 279 197 345 152
320 356 325 368 ὑ
479 300 509 344 r.
533 297 675 344 vrncrmr
697 296 841 343 nunonis

133 451 286 514 Pubentes
300 452 411 515 herbae
433 452 511 534 nigri
527 472 596 514 eum
609 453 688 513 lacte
704 451 833 526 veneni3

134 537 295 611 Quaeritur
311 544 341 599 et
355 539 505 600 nascentis
521 537 590 619 equi
605 537 642 599 de
658 537 755 599 fronte
771 538 906 599 revulsus

134 623 175 684 Et
189 623 277 684 matri
292 630 467 705 praereptus
483 644 574 684 amor.

132 707 205 790 Ipsa
218 709 296 770 mola
310 709 503 791 manibusque
520 708 575 791 piis
590 709 696 770 altaria
706 709 805 791 juxta,

132 793 235 856 Unum
250 800 341 856 exuta
356 794 463 876 pedem
478 793 593 871 vinclis,
608 794 640 854 in
656 801 739 856 veste
756 794 900 871 recincta,

132 879 274 940 Testatur
289 879 432 941 moritura
446 879 528 958 deca,
545 886 576 941 et
592 880 709 941 conscia
722 879 776 941 fati

134 963 241 1027 Sidera
254 985 261 1040 ;
286 971 360 1043 tum,
376 965 400 1026 si
416 964 496 1047 quod
510 986 570 1026 non
585 985 680 1046 aequo
694 965 816 1026 foedere
831 969 966 1025 amantes

134 1048 232 1112 (lurae
247 1071 358 1112 numen
371 1050 463 1112 habet
472 1051 647 1133 justumque
663 1070 845 1132 memorque,
861 1055 1012 1132 precatur.

114 1161 117 1165 ·
175 1135 245 1198 Nox
260 1142 336 1213 erat,
353 1143 386 1197 et
399 1135 550 1218 placidum
564 1135 728 1217 carpebant
741 1135 821 1197 fessa
835 1155 971 1216 soporem

134 1219 266 1302 Corpora
280 1242 334 1303 per
349 1228 455 1299 terras,
471 1221 622 1302 silvaeque
639 1226 670 1282 et
684 1241 775 1282 saeva
790 1221 929 1303 quierant

131 1306 285 1388 Aequora,
301 1328 393 1388 quum
407 1305 504 1367 medio
519 1307 678 1368 volvuntur
692 1306 791 1367 sidera
805 1307 902 1387 lapsu,

133 1389 232 1464 Quum
247 1398 328 1453 tacet
342 1392 434 1454 omnis
450 1411 544 1473 ager3
567 1390 709 1473 pecudes,
724 1391 882 1474 pictaeque
899 1392 1045 1469 volucres,
1126 1410 1138 1434 f

134 1476 278 1558 Quaeque
292 1478 375 1539 lacus
390 1478 450 1538 late
466 1472 605 1559 liquidos,
622 1497 758 1558 quaeque
775 1497 881 1559 aspera
895 1477 992 1540 dumis

133 1561 218 1623 Rura
232 1568 347 1641 tenent,
363 1583 464 1647 sonmo
479 1562 592 1644 positae
608 1562 764 1624 subnecte
780 1562 889 1642 silenti,

138 1645 302 1729 [Lenibant
317 1668 414 1726 curas,
430 1649 462 1710 et
476 1647 568 1710 corda
583 1647 673 1710 oblita
686 1648 848 1732 laborum]

132 1730 178 1794 At
192 1754 252 1794 non
265 1733 368 1794 infelix
383 1733 472 1795 animi
487 1733 662 1812 Phoenissa,
676 1754 733 1796 nec
748 1755 880 1817 unquam

136 1815 267 1880 Solvitur
281 1818 454 1897 insomnes,
470 1819 598 1882 oculisve
615 1825 667 1881 aut
682 1826 801 1902 pectore
816 1826 935 1882 noctem

133 1902 274 1985 Accipit:
298 1904 484 1985 ingeminant
499 1924 600 1982 curae,
615 1925 776 1987 rursusque
791 1926 952 1987 resurgens

136 1986 239 2051 Saevit
253 2010 345 2068 amor,
360 2010 527 2072 magnoque
544 1989 655 2052 irarum
669 1990 795 2052 fluctuat
809 1997 904 2053 aestu.

135 2071 186 2136 Sic
201 2074 275 2136 adeo
290 2075 409 2154 insistit,
425 2096 585 2157 secumque
600 2074 643 2137 ita
658 2075 747 2137 corde
763 2077 897 2139 volutat:

134 2158 193 2239 En,
209 2160 281 2242 quid
296 2159 378 2242 ago?
401 2182 542 2222 rursusne
556 2181 659 2243 procos
673 2160 760 2224 irrisa
774 2161 887 2245 priores

133 2243 306 2328 Experiar?
352 2245 581 2328 Nomadumque
597 2252 697 2328 petam
713 2247 859 2310 connubia
874 2248 1010 2330 supplex,

134 2328 215 2401 Quos
231 2351 285 2412 ego
301 2330 355 2392 sim
370 2331 457 2393 toties
467 2332 532 2414 jam
547 2330 708 2412 dedignata
723 2331 869 2395 maritos?

132 2414 241 2478 Iliacas
256 2416 347 2498 igitur
362 2417 471 2478 classes
487 2423 577 2498 atque
592 2417 697 2479 ultima
711 2417 875 2479 Teucrum·

132 2499 155 2561 J
155 2521 225 2563 ussa
239 2522 348 2583 sequar
361 2500 374 2563 i
397 2503 506 2585 quiane
522 2502 629 2565 auxilio
636 2535 639 2541 ·
640 2503 728 2585 juvat
742 2509 811 2565 ante
827 2504 951 2580 levatos

132 2585 198 2648 Aut
213 2587 288 2648 bene
304 2586 384 2669 apud
398 2609 543 2650 memores
558 2589 668 2649 veteris
685 2594 745 2649 stat
760 2589 858 2670 gratia
872 2586 971 2651 facti?

133 2669 206 2743 Quis
220 2693 267 2734 me
283 2679 394 2749 autem,
411 2674 459 2735 sac
474 2674 561 2750 velle,
577 2674 664 2752 sinet,
680 2673 852 2757 ratibusque
868 2673 1002 2757 superbis

132 2755 263 2819 Invisam
278 2757 430 2840 accipiet?
474 2758 594 2837 Nescis,
609 2759 680 2836 heu,
696 2759 823 2840 perdita,
838 2760 968 2822 necdum

131 2840 369 2905 Laomedonteae
386 2843 477 2905 sentis
492 2844 623 2926 perjuria
638 2842 763 2924 gentis?

132 2925 211 2999 Quid
226 2926 316 2990 tum?
339 2929 402 2990 sola
415 2928 489 3010 fuga
503 2935 610 2991 nautas
626 2929 787 2991 comitabor
802 2929 951 2993 ovantes?
1056 2943 1061 2954 ¹

130 3011 183 3073 An
198 3013 296 3096 Tyriis
311 3013 448 3095 omnique
464 3034 555 3075 manu
569 3014 679 3096 stipata
693 3036 826 3077 meorum

131 3097 276 3161 inferar?
299 3106 330 3161 et
344 3120 420 3181 quos
435 3098 557 3161 Sidonia
571 3100 620 3161 vix
635 3100 708 3162 urbe
724 3101 838 3178 revelli,

130 3182 247 3245 Rursus
262 3204 350 3265 agam
365 3186 482 3266 pelago,
499 3191 530 3246 et
544 3185 641 3247 ventis
657 3185 728 3247 dare
743 3186 810 3246 vela
819 3185 958 3268 jubebo?

132 3265 211 3338 Quin
225 3290 352 3347 morere,
368 3275 402 3330 ut
415 3270 523 3332 merita
538 3291 581 3347 es,
596 3271 735 3352 ferroque
752 3277 854 3332 averte
871 3271 1012 3335 dolorem.

131 3353 188 3431 Tu,
203 3354 342 3436 lacrymis
358 3355 456 3416 evicta
469 3356 554 3432 meis,
570 3362 603 3417 tu
618 3357 714 3439 prima
728 3356 878 3418 furentem

130 3438 199 3517 His,
215 3460 369 3520 germana,
384 3440 468 3501 malis
483 3461 600 3519 oneras,
616 3448 707 3523 atque
723 3441 824 3524 objicis
838 3442 927 3504 hosti.

130 3524 162 3586 N
163 3546 201 3587 on
215 3525 299 3587 licuit
314 3526 436 3586 thalami
451 3532 605 3608 expertem
619 3527 681 3589 sine
697 3527 818 3589 crimine
834 3529 926 3590 vitam

130 3610 261 3692 Degere,
277 3632 357 3673 more
374 3611 467 3688 ferae,
483 3613 558 3674 tales
572 3633 628 3674 nec
645 3619 769 3694 tangere
787 3613 894 3676 curas!

129 3694 200 3756 Non
215 3703 335 3759 servata
348 3697 423 3760 fides
439 3697 531 3759 cineri
546 3698 688 3780 promissa
705 3697 862 3782 Sychaeo!

129 3780 239 3843 Tantos
254 3781 305 3842 illa
319 3804 372 3846 suo
386 3785 542 3865 rumpebat
555 3790 677 3866 pectore
693 3791 826 3866 questus.
