2496 4334
477 281 637 328 AENEIDOS
660 283 725 328 ΗΒ.
750 284 782 330 V.

443 744 815 818 nnunrnos

475 943 587 998 LIBER
605 945 781 1007 QUINTUS.

104 1119 252 1184 11111111
267 1119 399 1183 medium
413 1118 535 1183 Aeneas
545 1121 609 1203 jam
625 1121 720 1184 classe
735 1123 859 1186 tenebat

105 1206 217 1270 Certus
230 1206 299 1285 itcr,
313 1206 481 1288 fluctusque
496 1212 577 1268 atros
591 1205 742 1289 Aquilone
758 1210 892 1290 secabat,

103 1290 227 1356 Moenia
242 1291 415 1373 respiciens,
431 1311 508 1372 quae
519 1292 584 1374 jam
598 1291 725 1354 infehcis
740 1292 857 1357 Elissae

104 1378 264 1442 Collucent
276 1376 412 1439 flammis.
456 1374 541 1449 Quae
556 1382 673 1438 tantum
689 1378 862 1442 accenderit
876 1380 976 1464 ignem

104 1461 221 1526 Caussa
234 1463 328 1538 laten
351 1461 418 1523 duri
433 1482 541 1543 magno
556 1461 610 1524 sed
626 1483 725 1524 amore
741 1463 856 1528 dolores
1129 1469 1146 1516 5

103 1547 234 1628 Polluto,
249 1554 424 1630 notumque,
438 1547 541 1609 furens
557 1547 630 1628 quid
644 1548 755 1611 femina
769 1551 872 1632 possit,

103 1634 202 1697 Triste
216 1653 273 1716 per
286 1633 444 1715 augurium
459 1632 644 1694 Teucrorum
658 1639 780 1716 pectora
798 1635 924 1698 ducunt.

102 1718 149 1783 Ut
162 1719 290 1803 pelagus
304 1724 428 1780 tsnuere
444 1723 536 1793 rates,
551 1737 608 1779 nec
619 1719 683 1801 jam
699 1720 824 1801 amplius
838 1722 900 1785 ulla

104 1803 247 1868 Occurrit
260 1805 360 1882 tellus,
374 1803 468 1865 maria
482 1802 626 1884 undique,
642 1809 673 1864 et
687 1804 819 1887 undique
835 1809 970 1887 coelum;

103 1888 164 1954 Olli
178 1889 335 1953 caeruleus
350 1909 441 1971 supra
455 1894 546 1971 caput
561 1887 677 1950 adstitit
690 1889 795 1969 imber,
1113 1917 1144 1965 10

102 1974 234 2039 Noctem
247 1974 434 2057 hiememque
449 1974 561 2051 ferens,
577 1979 609 2035 et
622 1973 769 2036 inhorruit
783 1976 865 2040 unda
879 1980 1022 2044 tenebris.

101 2060 173 2144 Ipse
189 2059 372 2142 gubernator
387 2059 479 2142 puppi
494 2059 654 2121 Palinurus
670 2059 707 2121 ab
723 2061 803 2122 alta:

101 2144 195 2210 Heu!
220 2144 360 2227 quianam
373 2144 450 2207 tanti
465 2144 623 2206 cinxerunt
638 2144 763 2207 aethera
776 2145 867 2209 nimbi
881 2147 894 2211 ?

102 2230 231 2308 Quidve,
246 2236 334 2313 pater
348 2228 503 2312 Neptune,
518 2227 629 2311 paras?
679 2227 728 2292 Sic
745 2229 854 2294 deinde
869 2234 997 2317 locutus,

103 2316 251 2398 Colligere
266 2335 350 2378 arma
359 2315 458 2397 jubet,
474 2315 638 2397 validisque
653 2314 825 2379 incumbere
840 2320 949 2397 remis;
1112 2347 1142 2393 15

103 2401 305 2484 Obhquatque
321 2400 402 2462 sinus
417 2401 449 2461 in
463 2407 596 2477 ventum,
612 2420 647 2461 ac
661 2401 736 2465 talia
749 2401 846 2464 fatur:

100 2486 295 2569 Magnanime
310 2483 428 2564 Aenea,
443 2506 513 2561 non,
528 2485 553 2545 si
567 2484 640 2546 mihi
654 2484 777 2567 Jupiter
793 2495 899 2550 auctor

103 2571 124 2634 S
163 2571 267 2647 ndeat,
282 2571 338 2632 hoc
353 2590 471 2651 sperem
486 2569 605 2631 Italiam
621 2571 795 2652 contingere
811 2574 904 2636 coelo.

136 2657 212 2719 utati
228 2661 399 2718 transversa
413 2656 555 2732 fremunt,
570 2661 602 2716 et
617 2677 743 2738 vespere
759 2656 796 2717 ab
811 2664 877 2721 atro

101 2741 294 2823 Consurgrmt
308 2740 401 2817 venti,
417 2747 507 2822 atque
522 2740 553 2800 in
567 2742 677 2803 nubem
693 2741 811 2823 cogitur
825 2744 888 2805 ae‘r.
1109 2766 1141 2814 20

100 2827 167 2890 Nec
184 2848 237 2888 nos
252 2824 344 2887 obniti
359 2832 473 2903 contra,
488 2845 545 2886 nec
561 2827 685 2888 tendere
701 2833 817 2888 tantum

101 2911 280 2975 Sufficimus.
327 2907 457 2991 Superat
472 2910 610 2992 quoniam
625 2912 756 2989 fortuna,
772 2932 942 2994 sequamur,

100 2996 226 3079 Quoque
242 3000 339 3072 vocat,
353 3000 504 3056 vertamus
519 2995 586 3057 iter.
632 2996 699 3058 Nec
714 2996 802 3058 htora
815 2997 904 3079 longe

99 3081 176 3144 Fida
190 3103 259 3144 reor
272 3080 406 3142 fraterna
421 3079 540 3162 Erycis,
556 3087 717 3163 portusque
736 3078 871 3160 Sicanos,

101 3165 133 3228 Si
147 3166 236 3228 modo
250 3165 306 3227 rite
321 3185 434 3226 memor
448 3171 569 3227 servata
583 3166 723 3228 remetior
738 3171 829 3227 astra.
1107 3191 1140 3238 25

99 3250 176 3313 Tum
190 3251 257 3334 pius
271 3250 411 3311 Aeneas:
436 3250 586 3332 Equidem
601 3251 643 3313 sic
658 3271 782 3333 poscere
798 3257 902 3315 ventos

97 3336 120 3399 J
121 3335 284 3398 amdudum
299 3341 330 3397 et
343 3335 457 3397 frustra
471 3356 561 3398 cerno
575 3341 606 3397 te
622 3336 747 3398 tendere
763 3342 877 3400 contra.

98 3422 203 3485 Electe
219 3420 298 3484 viam
313 3419 396 3482 velis.
441 3420 494 3481 An
509 3420 548 3481 sit
561 3421 633 3482 mihi
648 3421 761 3502 gratior
776 3422 847 3500 ulla,

99 3506 202 3579 Quove
217 3507 313 3588 magis
327 3506 424 3567 fessas
439 3512 537 3588 optem
554 3505 710 3567 demittere
726 3527 829 3584 naves,

99 3592 196 3664 Quam
211 3613 288 3673 quae
304 3591 490 3653 Dardanium
504 3592 592 3652 tellus
606 3591 677 3652 mihi
692 3597 793 3653 servat
806 3590 953 3670 Acesteu,
1107 3612 1138 3660 30

98 3677 140 3739 Et
154 3677 248 3761 patris
262 3675 414 3738 Anchisae
431 3677 544 3756 gremio
560 3677 768 3758 complectitur
782 3675 872 3738 ossa?

97 3762 185 3825 Ilaec
202 3761 253 3822 ubi
269 3761 359 3839 dicta,
375 3767 610 3905 petunthortus,
626 3767 657 3821 et
673 3762 740 3822 vela
754 3760 877 3822 secundi
