2496 4334
467 280 628 327 summos
651 281 716 326 ΠΒ.
739 280 763 326 1.

143 433 185 497 Et
196 436 262 519 jam
278 434 346 498 finis
361 438 438 511 erat,
455 454 546 518 quum
560 434 693 516 Jupiter,
709 433 830 496 aethere
845 454 959 497 summo

101 517 278 602 Despiciens
292 540 375 582 mare
391 519 559 598 velivolum,
574 529 730 600 terrasque
741 520 890 603 jacentes,

101 602 277 688 Litoraque,
293 610 324 667 et
337 606 413 667 latos
428 605 562 687 populos,
577 604 620 666 sie
635 604 748 667 vertice
764 604 839 667 coeli

101 688 252 768 Constitit,
268 696 300 751 11
314 689 427 773 Libyae
443 689 546 751 defixit
559 688 670 750 lumina
685 689 795 771 regnis.

99 773 205 856 Atque
219 775 305 836 illum
320 775 396 836 tales
406 774 572 858 jactantem
586 779 707 856 pectore
723 794 810 836 curas

99 859 225 922 Tristior
239 865 271 922 et
283 859 424 943 lacrymis
438 859 538 922 oculos
552 859 665 920 suffusa
678 860 819 939 nitentes,

98 943 275 1026 Alloquitur
288 944 415 1008 Venus:
441 942 467 1006 Ο
484 943 598 1026 quires
613 943 822 1026 hominumque
838 943 987 1026 deumque

97 1028 244 1092 Aeternis
258 1029 339 1111 regis
352 1028 493 1111 imperiis,
509 1033 541 1090 et
554 1028 676 1090 fulmine
691 1035 798 1107 terres,

99 1111 180 1185 Quid
194 1135 280 1177 meus
294 1113 416 1177 Aeneas
430 1112 461 1175 in
475 1120 506 1176 te
522 1114 706 1176 committere
721 1120 849 1190 tantum,

100 1197 181 1270 Quid
196 1199 289 1262 Troe’s
304 1205 439 1281 potuere,
455 1199 572 1281 quibus,
588 1205 632 1262 tot
645 1199 754 1261 funera
767 1199 873 1281 passis,

101 1283 237 1346 Cunctus
251 1284 288 1346 ob
303 1283 423 1346 Italiam
437 1290 585 1346 terrarum
600 1284 749 1346 clauditur
762 1282 867 1346 orbis?

101 1367 193 1430 Certe
208 1369 277 1432 hinc
293 1370 442 1431 Romanos
457 1369 536 1447 olim,
551 1369 737 1432 volventibus
751 1370 848 1447 annis,

99 1452 181 1516 Hinc
197 1453 261 1517 fore
277 1454 426 1532 ductores,
441 1460 580 1516 revocato
594 1474 613 1516 a
627 1454 771 1536 sanguine
787 1452 906 1533 Teucri,

101 1536 161 1610 Qui
174 1559 269 1618 mare,
285 1539 337 1621 qui
351 1546 447 1601 111111
462 1539 540 1602 omni
555 1539 665 1601 ditione
680 1545 829 1618 tenerent,

100 1623 266 1702 Pollicitis,
282 1644 359 1706 quae
374 1631 416 1702 te,
432 1624 559 1705 genitor,
574 1625 724 1687 sententia
737 1624 852 1688 vertit?

100 1707 170 1770 Hoc
186 1709 326 1791 eq'uidem
340 1729 478 1771 occasum
492 1709 599 1792 Trojae
615 1710 775 1791 tristesque
789 1710 891 1773 ruinae

102 1791 239 1872 Solabar,
253 1794 324 1856 fatis
339 1793 487 1856 contraria
500 1793 564 1856 fata
577 1795 755 1877 rependens.

100 1877 134 1939 N
134 1898 194 1941 unc
211 1877 317 1940 eadem
331 1879 452 1941 fortuna
465 1879 544 1941 'viros
559 1885 603 1942 tot
617 1880 734 1942 casibus
749 1885 832 1942 actos

100 1962 285 2045 Insequitur.
331 1961 427 2036 Quem
442 1964 496 2027 das
509 1965 610 2043 finem,
625 1986 679 2027 rex
694 1985 814 2046 magne,
828 1964 989 2028 laborum?

100 2047 242 2120 Antenor
254 2049 362 2132 potuit,
376 2048 481 2111 mediis
496 2049 614 2132 elapsus
629 2050 766 2128 Achivis,

100 2132 240 2216 Illyricos
254 2140 411 2216 penetrare
426 2133 508 2196 sinus
522 2140 612 2217 atque
626 2135 731 2198 intima
745 2139 828 2197 tutus

100 2217 212 2299 Regna
226 2217 434 2298 Iiburnorum,
450 2225 482 2281 11
495 2219 608 2282 fontem
623 2240 764 2302 superare
780 2218 906 2298 Timavi,

100 2301 194 2365 Unde
208 2324 264 2386 per
277 2324 330 2366 111
343 2324 450 2366 novem
464 2310 548 2366 vasto
563 2325 631 2367 cum
645 2324 795 2367 murmure
810 2305 918 2368 montis

100 2388 133 2450 It
146 2408 230 2450 mare
245 2395 433 2471 proruptum,
448 2395 479 2450 et
493 2389 599 2470 pelago
613 2391 721 2471 premit
735 2409 808 2452 arva
822 2389 949 2452 sonanti.

101 2472 162 2534 Hic
179 2479 280 2534 tamen
294 2473 343 2534 ille
357 2474 462 2535 urbem
477 2472 584 2536 Patavi
599 2475 744 2556 sedesque
759 2475 869 2536 locavit

101 2558 297 2636 Teucrorum,
313 2565 345 2620 et
359 2559 441 2640 genti
456 2579 564 2620 nomen
579 2559 672 2638 dedit,
688 2579 829 2640 armaque
844 2559 910 2620 fixit

102 2641 193 2705 Troia
206 2662 214 2717 ;
237 2664 315 2706 nunc
330 2643 448 2726 placida
462 2650 630 2725 compostus
645 2665 719 2726 pace
735 2644 881 2725 quiescit:

74 2763 76 2766 >
102 2726 180 2804 Nos,
195 2734 249 2789 tua
263 2729 430 2810 progenies,
447 2729 520 2789 coeli
536 2729 643 2810 quibus
657 2729 763 2790 annuis
778 2749 890 2808 arcem,

101 2812 133 2873 N
135 2812 453 2874 avibus-infandum
466 2812 473 2876 l
484 2849 527 2859 -
536 2813 661 2892 amissis,
676 2815 763 2875 unius
778 2814 814 2876 ob
829 2813 904 2876 iram

101 2896 272 2975 Prodimur,
287 2905 377 2979 atque
393 2897 478 2960 Italis
493 2899 580 2980 longe
596 2898 792 2981 disjungimur
812 2899 880 2961 oris.

101 2981 163 3044 Hic
179 2982 299 3063 pietatis
312 2981 431 3045 honos?
454 2983 496 3044 sic
511 3003 565 3045 nos
579 2982 611 3044 in
625 2990 745 3065 sceptra
759 2984 877 3065 reponis
891 2983 904 3046 1

69 3102 99 3117 -
145 3065 206 3128 Olli
221 3066 375 3129 subridens
389 3067 540 3129 hominum
554 3074 635 3129 sator
650 3075 740 3149 atque
759 3068 884 3130 deorum

100 3151 210 3228 Vultu,
226 3172 284 3233 quo
300 3152 414 3214 coelum
428 3158 681 3234 tempestatesque
697 3159 827 3230 serenat,

103 3234 216 3298 Oscula
228 3236 333 3298 libavit
346 3243 455 3312 natae3
478 3235 584 3299 dehinc
601 3238 672 3299 talia
686 3238 785 3299 fatur:

100 3319 198 3382 Parce
214 3328 307 3398 metu,
324 3318 493 3404 Cytherea:
517 3328 639 3384 manent
653 3323 775 3383 immota
789 3328 908 3385 tuorum

99 3404 179 3466 Fata
193 3404 246 3466 tibi
259 3425 267 3480 3
291 3425 395 3468 cernes
410 3406 515 3468 urbem
531 3413 562 3467 et
576 3407 720 3488 promissa
735 3406 840 3468 Lavini

98 3489 233 3566 Moenia,
248 3490 462 3573 sublimemque
477 3490 556 3552 feres
572 3491 611 3552 ad
626 3491 725 3552 sidera
740 3492 815 3553 coeli

97 3574 327 3656 Magnanimum
340 3578 488 3649 Aenean3
509 3597 606 3656 neque
622 3597 669 3637 me
685 3577 833 3638 sententia
847 3577 948 3639 vertit.

97 3659 160 3720 Hic
177 3658 280 3721 tibi-
296 3659 380 3722 fabor
395 3661 485 3737 enim,
501 3660 619 3742 quando
633 3662 709 3723 haec
725 3668 755 3722 11
771 3681 844 3723 cura
858 3661 1019 3738 remordet,

96 3743 234 3826 Longius
251 3749 283 3806 et
297 3746 418 3808 volvens
433 3745 562 3808 fatorum
577 3765 688 3808 arcana
701 3745 825 3808 movebo
836 3782 880 3793 -
