2496 4334
459 307 640 353 GEORGICON
663 308 728 354 LIB-
751 309 798 355 1v.

103 463 148 527 At
160 463 257 528 fessae
271 463 367 526 multa
380 461 518 526 refemnt
531 483 564 526 sc
578 469 668 527 nocte
683 462 823 542 minores,

104 549 199 614 Crura
212 551 317 636 thymo
331 550 459 632 plenae:
483 556 649 633 pascuntur
663 555 694 611 et
709 549 816 611 arbuta
830 550 951 631 passim,

100 636 143 699 Et
156 637 281 719 daucos
296 636 414 715 salices,
430 635 611 718 casiamque,
628 655 808 717 crocumque
824 636 994 717 rubentem,

100 721 142 784 Et
156 723 300 806 pinguem
314 723 420 800 tiliam,
436 727 467 784 et
481 721 670 803 ferrugineos
685 721 872 804 hyacinthos.

101 806 248 871 Omnibus
262 829 324 870 una
338 807 423 890 quies
438 828 572 890 operum,
588 807 672 870 labor
686 806 821 869 omnibus
835 829 923 870 unus.

98 893 192 956 Mane
208 900 302 956 ruunt
315 892 408 978 portis
422 913 431 968 ;
452 914 600 976 nusquam
613 913 717 955 mora:
741 914 846 955 rursus
861 893 982 956 easdem

99 979 222 1064 Vesper
235 979 287 1042 ubi
302 1001 319 1042 e
333 985 423 1062 pastu
437 979 559 1041 tandem
575 978 722 1041 decedere
739 978 851 1061 campis

98 1065 279 1143 Admonuit,
295 1071 359 1127 tum
373 1070 456 1127 tecta
470 1071 589 1147 petunt,
604 1071 668 1126 tum
684 1084 809 1146 corpora
824 1072 950 1142 curant3

99 1151 151 1213 Fut
165 1151 291 1229 sonitus,
306 1157 499 1233 mussantque
516 1171 583 1213 oras
598 1157 629 1212 et
643 1151 746 1212 limina
761 1150 884 1213 circum.

99 1235 185 1315 Post,
201 1236 252 1298 ubi
263 1238 328 1320 jam
343 1237 480 1299 thalamis
495 1257 527 1298 se
543 1257 746 1319 composuere,
763 1235 868 1297 siletur

98 1321 138 1384 Iu
152 1329 285 1400 noctem,
300 1323 453 1405 fessosque
469 1343 556 1405 sopor
570 1343 641 1385 suus
657 1327 785 1404 occupat
800 1328 894 1384 artius.

99 1407 168 1471 Nec
184 1429 257 1470 vero
272 1408 426 1470 astabulis
442 1408 543 1490 pluvia
557 1407 748 1490 impendente
764 1407 912 1469 recedunt

99 1493 246 1576 Longius,
262 1501 314 1556 aut
329 1494 458 1556 credunt
473 1495 555 1556 coelo
571 1493 800 1556 adventantibus
817 1492 926 1569 Euris;

101 1577 166 1641 Sed
181 1580 294 1642 circum
309 1585 393 1642 tutae
408 1580 462 1641 sub
477 1580 631 1641 moenibus
646 1579 727 1640 urbis
744 1585 904 1661 aquantur,

100 1664 316 1748 Excursusque
330 1665 438 1727 breves
453 1671 583 1743 tentant,
598 1672 630 1727 et
645 1686 734 1747 saepe
750 1664 876 1747 lapillos,

99 1749 147 1813 Ut
162 1751 289 1833 cymbae
304 1750 457 1813 instabiles
472 1752 566 1813 fluctu
576 1751 712 1834 jactante
729 1751 895 1830 saburram,

99 1836 242 1912 Tollunt3
265 1837 311 1898 his
326 1857 391 1899 sese
407 1858 462 1919 per
476 1837 576 1898 inania
590 1836 692 1898 nubila
706 1836 827 1898 librant.

99 1921 193 1983 Illum
208 1921 283 1984 adeo
298 1921 445 2005 placuisse
461 1922 566 2004 apibus
580 1923 727 1983 mirabere
743 1942 866 2000 morem,

100 2005 190 2079 Quod
205 2027 262 2070 nec
278 2007 438 2070 concubitu
452 2007 621 2089 indulgent,
636 2028 692 2069 nec
709 2027 834 2089 corpora
849 2028 957 2090 segnes

99 2091 139 2154 In
153 2092 310 2156 Venerem
324 2094 453 2172 solvunt,
470 2100 522 2155 aut
537 2094 616 2155 fetus
630 2093 747 2155 nixibus
763 2092 877 2155 edunt:

99 2176 219 2240 Verum
234 2178 316 2261 ipsae
332 2200 349 2240 e
363 2179 440 2242 foliis
454 2185 541 2241 natos
557 2185 587 2240 et
602 2179 742 2240 suavibus
757 2177 856 2240 herbis

101 2261 163 2325 Ore
179 2264 307 2346 legunt3
329 2265 411 2347 ipsa'e
426 2285 529 2346 regem
544 2285 712 2347 parvosque
730 2263 861 2337 Quirites

101 2347 272 2427 Sufficiunt,
288 2351 431 2432 aulasque
447 2356 478 2411 et
493 2371 582 2412 corea
597 2371 692 2431 regna
706 2351 868 2430 rofingunt.
913 2380 915 2385 v

101 2432 202 2517 Saepe
218 2435 308 2496 etiam
324 2435 406 2497 duris
421 2435 548 2497 errando
563 2436 593 2496 in
609 2435 723 2497 cotibus
739 2437 801 2497 alas

99 2519 271 2597 Attrivere,
285 2520 423 2602 ultroque
439 2522 567 2582 animam
582 2521 637 2582 sub
652 2521 735 2582 fasce
751 2520 881 2581 dedere:

99 2605 216 2668 Tantus
232 2626 315 2668 arnor
328 2606 444 2681 florum,
460 2615 491 2668 et
506 2606 670 2688 generandi
687 2606 782 2687 gloria
796 2606 902 2666 mellis.

140 2692 228 2773 Ergo
243 2691 322 2774 ipsas
337 2692 472 2773 quamvis
489 2692 609 2772 angusti
625 2693 769 2753 terminus
785 2690 851 2752 aevi

100 2775 260 2859 Excipiat:
283 2797 381 2859 neque
398 2778 477 2838 enim
491 2778 558 2859 plus
573 2778 700 2859 septima
715 2776 836 2838 ducitur
852 2781 969 2852 aestas3

100 2862 141 2924 At
157 2882 257 2944 genus
272 2862 437 2924 immortale
452 2868 564 2938 manet,
579 2864 747 2944 multosque
763 2883 817 2944 per
833 2882 925 2923 annos

102 2945 169 3010 Stat
184 2947 322 3010 Fortuna
336 2947 452 3025 domus,
468 2954 499 3009 et
514 2949 562 3009 avi
577 2955 773 3009 numerantur
793 2967 926 3009 avorum.

98 3031 266 3096 Praeterea
281 3054 385 3114 regem
399 3055 459 3095 non
474 3034 515 3095 sic
532 3033 702 3116 Aegyptos,
718 3039 750 3094 et
763 3033 869 3113 ingens

98 3117 209 3197 Lydia,
224 3138 281 3180 nec
296 3119 398 3201 populi
414 3118 606 3195 Parthorum,
622 3125 675 3180 aut
690 3117 800 3179 Medus
816 3117 991 3200 Hydaspes,

99 3202 282 3266 Observant.
327 3205 413 3285 Rege
428 3204 565 3266 incolumi
582 3224 665 3265 mens
681 3203 816 3264 omnibus
831 3223 892 3264 una
906 3209 970 3279 est3

98 3287 220 3351 Amisso
235 3309 344 3371 rupere
358 3289 450 3351 fidem
467 3296 698 3371 constructaque
713 3289 802 3350 mella

98 3372 261 3458 Diripuere
276 3375 370 3456 ipsae,
386 3381 418 3436 et
433 3381 531 3437 crates
547 3375 662 3436 solvere
677 3375 824 3436 favorum.

98 3458 152 3522 Ille
169 3481 295 3542 operum
310 3466 410 3522 custos
423 3481 431 3535 ;
454 3461 537 3521 illum
553 3460 749 3537 admirantur,
767 3467 799 3520 et
813 3479 914 3521 omues

100 3544 303 3609 Circumstant
317 3545 440 3607 fremitu
455 3545 558 3623 denso,
574 3546 744 3627 stipantque
760 3545 934 3626 frequentes
948 3561 957 3617 3

98 3630 138 3693 Et
153 3651 246 3713 saepe
262 3631 401 3692 attollunt
415 3631 557 3708 humeris,
574 3637 605 3692 et
621 3652 745 3712 corpora
759 3630 837 3691 bello

98 3717 273 3801 Objectant,
289 3717 503 3799 pulchramque
520 3722 628 3800 petunt
643 3737 697 3798 per
712 3717 838 3778 vulnera
851 3719 987 3775 mortem.

136 3803 199 3865 His
214 3801 337 3883 quidam
352 3802 455 3884 signis,
471 3809 561 3884 atque
577 3802 652 3863 haec
669 3801 805 3883 exempla
821 3798 929 3878 secuti,
