2496 4334
451 331 611 378 1111111οο0
634 331 698 378 nra.
722 332 769 379 xr.
1078 322 1140 385 289

102 483 197 546 Haud
210 484 333 568 ignarus
348 504 440 562 eram,
457 490 601 565 quantum
615 505 692 547 nova
707 485 801 568 gloria
814 484 846 548 in
861 485 950 550 armis

102 569 144 631 Et
158 571 318 651 praedulce
334 569 426 631 decus
442 569 535 649 primo
550 570 712 631 certamine
729 578 838 652 posset.
1092 591 1139 638 155

102 654 256 716 Primitiae
269 654 388 737 juvenis
402 653 540 732 miserae,
554 654 684 735 bellique
699 655 856 737 propinqui

102 737 189 800 Dura
202 737 390 801 rudimenta!
414 744 445 799 et
459 738 532 799 nulli
547 738 687 800 exaudita
701 739 824 801 deorum

101 822 184 884 Vota
198 843 361 905 precesque
376 821 481 885 meae!
510 829 614 904 tuque,
630 843 647 884 ο
662 825 847 886 sanctissima
861 824 978 908 conjux.

100 907 188 968 Felix
203 914 297 970 morte
313 914 376 986 tua,
388 926 486 988 neque
498 907 533 990 ¹in
546 907 625 969 hune
642 914 760 970 servata
775 908 906 971 dolorem
922 909 929 972 l

102 990 215 1054 Contra
230 1013 286 1074 ego
301 992 428 1054 vivendo
442 990 501 1053 vici
515 1012 583 1053 mea
596 993 670 1069 fata,
686 999 837 1075 superstes
1093 1011 1138 1060 100

101 1076 260 1138 Restarem
274 1083 309 1138 ut
324 1076 450 1158 genitor.
496 1076 606 1138 Troum
621 1077 700 1139 socia
715 1097 797 1139 arma
812 1083 948 1140 secutum

102 1160 274 1223 Obruerent
288 1161 394 1222 Rutuli
409 1162 475 1224 telis
491 1181 498 1236 ;
522 1161 651 1222 animam
664 1161 727 1243 ipse
743 1161 902 1241 dedissem,

99 1244 204 1326 Atque
219 1246 294 1307 haec
309 1266 417 1328 pompa
432 1245 550 1308 domum
564 1267 623 1323 me,
638 1266 697 1307 non
712 1245 862 1325 Pallanta,
877 1245 1025 1310 referret!

101 1329 169 1392 Nec
185 1351 236 1392 vos
251 1331 412 1412 arguerim,
428 1330 547 1408 Teucri,
559 1350 615 1391 nec
630 1330 763 1409 foedera,
777 1351 834 1393 nec
850 1351 925 1413 quas

101 1413 123 1476 J
125 1415 261 1476 unximus
276 1414 401 1497 hospitio
417 1415 537 1477 dextras
551 1437 558 1476 :
583 1435 646 1476 sors
660 1414 718 1476 ista
732 1423 871 1478 senectae
1092 1431 1137 1480 165

102 1498 213 1560 Debita
227 1505 293 1560 erat
303 1506 433 1561 nostrae.
479 1498 566 1571 Quod
582 1498 607 1560 si
620 1499 780 1561 immatura
793 1500 933 1563 manebat

100 1583 184 1645 Mors
199 1589 333 1664 gnatum,
348 1584 443 1646 caesis
457 1584 635 1646 Volscorum
649 1584 777 1646 millibus
793 1591 874 1661 ante,

100 1668 270 1730 Ducentem
283 1668 315 1728 in
329 1667 449 1731 Latium
464 1669 606 1746 Teucros,
622 1668 764 1731 cecidisse
774 1670 907 1751 juvaret.

101 1747 182 1822 Quin
197 1773 253 1834 ego
267 1774 326 1813 non
342 1754 399 1815 alio
414 1753 520 1834 digner
535 1760 566 1815 te
581 1753 698 1830 funere,
714 1753 810 1832 Palla,

101 1834 198 1907 Quam
213 1837 279 1919 pius
294 1837 426 1917 Aeneas,
444 1844 475 1899 et
489 1858 579 1919 quam
593 1837 693 1919 magni
708 1836 858 1921 Phryges,
874 1842 905 1900 et
919 1857 1010 1920 quam
1091 1852 1136 1901 170

101 1920 308 2003 Tyrrhenique
325 1921 427 2001 duces,
443 1922 632 2006 Tyrrhenum
647 1922 796 1984 exercitus
810 1922 914 1984 omnis.

102 2004 217 2087 Magna
231 2012 358 2088 tropaea·
367 2007 479 2085 ferunt,
495 2027 569 2089 quos
584 2006 638 2067 dat
651 2012 705 2068 tua
719 2006 843 2069 dextera
857 2007 928 2068 1050.

101 2089 148 2150 Τ11
163 2111 280 2172 quoque
295 2111 374 2152 nunc
390 2098 484 2154 stares
499 2091 635 2152 immanis
650 2096 774 2152 5111110110
788 2090 820 2152 in
834 2091 934 2169 armis,

101 2173 191 2236 Esset
206 2195 260 2257 par
275 2180 358 2237 aetas
373 2182 404 2237 et
418 2176 498 2238 idem
513 2175 538 2237 si
552 2175 643 2237 robur
658 2174 695 2236 ab
710 2175 806 2253 annis,

99 2258 212 2320 Turne.
259 2257 320 2321 Sed
334 2259 437 2321 infelix
452 2261 584 2322 Teucros
600 2259 672 2341 quid
688 2260 824 2323 demoror
839 2257 928 2321 armis
944 2256 958 2320 1

100 2342 212 2405 Vadite
229 2350 261 2405 05
274 2345 348 2405 haec
364 2365 508 2407 memores
523 2344 588 2425 regi
602 2344 744 2405 mandata
758 2345 888 2406 referte:

102 2426 189 2498 Quod
204 2427 296 2490 vitam
310 2449 408 2490 moror
421 2429 557 2506 invisam,
570 2429 708 2489 Pallante
723 2435 868 2510 peremto,

100 2511 235 2573 Dextera
251 2533 356 2574 caussa
370 2518 423 2574 tua
438 2519 494 2591 est,
506 2513 640 2574 Turnum
655 2519 805 2593 gnatoque
820 2510 958 2595 patrique

101 2594 198 2667 Quam
213 2597 322 2659 debere
338 2596 431 2659 vides.
473 2597 591 2658 Meritis
608 2603 696 2658 vacat
710 2596 758 2658 hic
776 2597 829 2658 tibi
844 2597 923 2658 solus

100 2680 310 2763 Fortunaeque
325 2681 418 2742 locus.
463 2680 534 2742 Non
549 2681 628 2743 vitae
644 2681 755 2762 gaudia
770 2700 893 2762 quaero,

100 2763 132 2824 N
134 2770 167 2826 e‘c
183 2764 247 2840 fas3
270 2765 324 2827 sed
340 2771 430 2845 gnato
444 2765 552 2826 Manes
564 2765 697 2846 perferre
712 2764 767 2826 sub
780 2767 865 2827 imos.

142 2848 263 2911 Aurora
277 2850 393 2911 interea
407 2849 521 2911 miseris
536 2849 708 2911 mortalibus
724 2851 833 2910 almam

100 2931 258 2995 Extulerat
271 2935 381 3010 lucem,
393 2934 526 2995 referens
541 2954 633 3015 opera
647 2940 737 3015 atque
752 2934 890 2995 labores:

98 3016 121 3077 J
122 3037 170 3077 am
185 3024 271 3098 pater
284 3017 417 3095 Aeneas,
428 3019 492 3101 jam
507 3037 598 3080 curvo
613 3017 644 3078 in
658 3018 743 3080 litore
760 3018 897 3079 Tarchon

100 3099 288 3162 Constituere
303 3122 404 3184 pyras.
449 3101 520 3163 Huc
536 3122 661 3184 corpora
676 3101 801 3183 quisque
816 3121 937 3163 suorum

99 3183 185 3245 More
200 3186 296 3246 tulere
311 3192 441 3267 patrum,
457 3187 657 3269 subjectisque
672 3185 790 3266 ignibus
806 3185 878 3247 atris

100 3267 246 3330 Conditur
260 3269 291 3330 in
306 3270 445 3331 tenebras
460 3271 553 3331 altum
567 3269 694 3350 caligine
707 3270 832 3331 coelum.

99 3352 159 3413 Ter
174 3352 286 3414 circum
302 3374 443 3415 accensos
458 3355 548 3416 cincti
562 3354 746 3435 fulgentibus
762 3354 851 3416 armis

98 3436 269 3498 Decurrere
285 3458 371 3518 rogos
385 3458 392 3512 ;
416 3443 463 3499 501
476 3444 623 3500 maestum
637 3438 751 3499 funeris
765 3439 866 3519 ignem

99 3519 280 3584 Lustravere
295 3521 327 3582 in
344 3521 439 3603 equis,
454 3524 643 3603 ululatusque
659 3542 710 3583 ore
726 3521 849 3584 dedere.

101 3602 259 3686 Spargitur
274 3611 305 3666 et
320 3607 407 3667 tellus
422 3607 573 3689 lacrymis,
590 3612 773 3688 sparguntur
788 3611 820 3666 05
834 3625 927 3667 arma.

99 3688 225 3750 1500010
242 3688 410 3770 clamorque
426 3690 522 3751 virum
538 3691 719 3770 clangorque
735 3689 883 3750 tubarum.

98 3770 179 3833 Hine
195 3773 245 3834 alii
260 3773 353 3854 spolia
368 3772 471 3917 0002ἰο510
487 3774 612 3855 derepta
627 3772 742 3834 Latinis
