2496 4334
126 280 190 345 124
455 297 484 344 r.
508 297 650 345 vmcmn
678 296 822 343 nnaoms

127 452 287 534 Cycladas,
302 457 334 514 et
349 450 460 514 crebris
474 450 601 532 legimus
615 451 695 513 freta
710 450 823 514 consita
836 453 936 517 terris.

126 536 276 600 Nauticus
291 536 423 600 exoritur
437 536 518 598 vario
533 537 695 598 certamine
713 537 839 613 clamor3

126 624 296 686 Hortantur
310 622 392 700 socii,
409 620 530 684 Cretam
544 641 728 704 proavosque
745 628 891 704 petamus

83 712 86 717 '
124 707 323 790 Prosequitur
338 727 463 788 surgens
479 727 498 768 a
514 706 605 789 puppi
616 713 723 768 ventus
736 712 852 785 euntes,

127 794 169 855 Et
183 793 304 855 tandem
319 792 449 874 antiquis
466 790 611 854 Curetum
633 792 788 854 allabimur
802 794 870 856 oris.

127 878 209 960 Ergo
225 878 329 940 avidus
344 897 443 939 muros
458 883 577 959 optatae
592 876 695 939 molior
715 878 808 956 urbis,

126 963 382 1045 Pergameamque
398 982 482 1041 voco,
498 968 529 1024 et
542 963 653 1024 laetam
668 963 841 1044 cognomine
858 969 979 1044 gentem

126 1048 241 1110 Hortor
257 1069 356 1110 amare
374 1047 466 1125 focos,
483 1067 642 1130 arcemque
658 1048 793 1109 attollere
808 1049 907 1111 tectis.

125 1134 255 1216 Jamque
272 1133 335 1195 fere
351 1133 429 1194 sicco
445 1133 610 1195 subductae
627 1133 713 1194 litore
734 1153 871 1215 puppes3

127 1218 289 1282 Connubiis
306 1217 443 1298 arvisque
458 1217 541 1280 novis
557 1223 680 1299 operata
689 1217 850 1299 juventus;

125 1305 147 1367 J
148 1325 203 1366 ura
218 1303 378 1385 domosque
394 1302 519 1364 dabam:
543 1301 640 1364 subito
656 1323 747 1383 quum
762 1302 864 1368 tabida
877 1305 1028 1386 membris,

127 1388 274 1471 Corrupto
290 1388 364 1450 coeli
379 1393 490 1466 tractu,
505 1386 733 1468 miserandaque
750 1388 832 1450 venit

125 1474 351 1555 Arboribusque
367 1472 499 1554 satisque
515 1472 592 1550 lues,
607 1476 639 1533 et
652 1471 752 1534 letifer
766 1494 861 1536 annus

126 1559 315 1641 Linquebant
303 1558 432 1620 tdulees
447 1557 570 1635 animas,
585 1563 638 1619 aut
652 1577 745 1639 aegra
759 1558 918 1622 trabebant

127 1644 279 1726 Corpora3
302 1649 366 1706 tum
381 1649 409 1705 st
396 1643 497 1706 teriles
512 1663 637 1705 exurere
651 1640 745 1706 Sirius
761 1664 865 1726 agrcs;

124 1730 264 1792 Arebant
278 1729 445 1806 herbae‚t
413 1734 445 1790 et
458 1727 505 1790 vio
508 1733 571 1789 tum
585 1748 672 1810 seges
688 1748 780 1810 aegra
793 1729 935 1811 negabat.

125 1815 242 1877 Rursus
257 1814 296 1876 ad
311 1814 442 1876 oraclum
458 1810 608 1911 Ortygiae
620 1813 833 1896 Phoebumque
848 1836 985 1880 remenso

125 1899 238 1963 Hortat
225 1906 274 1962 tur
288 1899 432 1981 paterne
447 1898 532 1976 mari,
542 1898 717 1980 veniamque
733 1900 866 1983 precari:

126 1984 224 2057 Quam
237 1984 323 2047 fessis
337 1984 427 2046 finem
441 1983 530 2046 rebus
545 1983 644 2046 serat
610 1990 644 2059 t,
667 1983 747 2046 unde
761 1984 896 2049 laborum

125 2070 255 2133 Tentare
272 2070 412 2133 auxilium
422 2069 529 2152 jubeat
543 2089 550 2144 ;
574 2089 632 2150 quo
647 2076 764 2132 vertere
781 2091 895 2134 cursus.

167 2156 238 2218 Nox
253 2160 329 2233 erat,
345 2161 376 2217 et
390 2155 478 2216 terris
494 2154 632 2216 animalia
646 2175 765 2217 somnus
778 2155 928 2221 babebat:

125 2240 247 2323 Effigies
262 2261 365 2302 sacrae
381 2239 483 2301 divum
497 2239 682 2320 Phrygiique
698 2240 840 2319 Penates,

126 2325 207 2398 Quos
222 2347 339 2388 mecum
354 2346 373 2388 a
387 2325 476 2407 Troja
490 2324 655 2406 mediisque
671 2346 708 2386 ex
722 2326 839 2406 ignibus
855 2327 936 2390 urbis

125 2410 312 2490 Extuleram,
328 2411 383 2472 visi
399 2417 468 2473 ante
484 2411 584 2472 oculos
599 2410 718 2472 adstare
729 2412 859 2493 jacentis

124 2497 163 2560 In
181 2497 300 2575 somnis,
314 2497 408 2558 multo
423 2495 571 2557 manifesti
584 2495 706 2572 lumine,
722 2517 827 2577 quase

124 2583 220 2644 Plena
234 2603 289 2664 per
302 2582 429 2644 insertas
444 2580 589 2643 fundebat
602 2581 674 2644 luna
688 2581 835 2645 fenestras
847 2602 855 2658 ;

124 2667 200 2729 Tum
216 2668 257 2730 sic
273 2668 415 2745 affarit
384 2673 415 2729 et
430 2687 517 2729 curas
532 2666 577 2728 his
593 2665 713 2728 demere
728 2666 836 2729 dictis:

125 2751 240 2824 Quodt
227 2753 280 2814 tibi
295 2752 394 2816 delato
411 2750 569 2834 Ortygiam
584 2751 647 2813 dict
634 2758 718 2813 turus
734 2751 911 2899 Apollo,
855 2758 901 2815 est

123 2837 185 2899 Hic
200 2837 322 2913 canite
306 2843 404 2899 ettna
417 2858 471 2899 nos
487 2857 526 2898 en
540 2837 584 2898 ult
573 2843 617 2898 tro
633 2836 672 2898 ad
686 2837 889 2900 liminamittrt

124 2920 217 2985 Nost
204 2929 246 3001 te,
261 2885 438 2984 Ilardania
430 2942 563 2999 incensa,
578 2927 690 3020 tuaque
706 2943 788 2984 arma
808 2884 915 3000 secuti,

124 3008 218 3070 Nost
205 3007 351 3070 tumidum
366 3007 449 3069 subt
436 3013 466 3069 te
482 3027 631 3089 permensr
622 3007 785 3070 elassibus
800 3029 923 3091 aequor,

123 3093 211 3156 Idem
226 3098 367 3155 venturos
382 3093 518 3154 tollemus
531 3092 564 3153 in
579 3098 660 3155 astra
670 3099 806 3174 nepotes,

124 3177 347 3260 Imperiumque
362 3178 429 3239 urbi
445 3177 589 3240 dabimus.
634 3177 681 3239 Tu
695 3178 812 3240 moenia
826 3178 942 3259 magnis

123 3263 238 3344 Magna
253 3282 337 3345 para,
351 3263 532 3344 longumque
547 3262 639 3343 fugae
654 3279 691 3324 ne
706 3263 807 3345 linque
822 3262 964 3325 laborem.

123 3347 289 3410 Mutandae
302 3347 388 3409 sedes
402 3367 410 3422 ;
430 3367 491 3408 non
504 3347 579 3409 haec
594 3347 648 3410 tibi
662 3347 750 3410 litora
764 3348 857 3410 suasit

124 3434 241 3511 Delius,
257 3440 310 3495 aut
325 3431 435 3494 Cretae
446 3432 536 3514 jussit
550 3433 715 3510 considere,
729 3431 849 3515 Apollo.

125 3520 182 3581 Est
196 3520 290 3590 locus
305 3518 485 3599 Hesperiam
501 3516 584 3579 Graii
600 3517 772 3599 cognomine
788 3517 902 3596 dicunt,

124 3604 220 3665 Terra
234 3603 367 3748 antiqua,
382 3608 487 3685 potens
503 3603 592 3664 armis
608 3609 697 3684 atque
712 3603 804 3664 ubere
820 3603 946 3684 glebae3

126 3686 248 3750 Oenot
212 3693 251 3749 tr1
266 3689 312 3750 coil
312 3709 384 3750 uere
400 3687 477 3750 viri:
501 3709 580 3749 nunc
595 3687 686 3785 fama,
701 3687 830 3750 minores

123 3772 244 3837 Italiam
259 3773 378 3852 (luisse,
394 3771 478 3835 ducis
494 3772 531 3835 de
546 3773 677 3850 nomine,
693 3778 836 3854 gentem,
