2496 4334
463 335 624 382 AENEIDOS
645 336 710 382 LIB.
738 337 784 383 1v.

147 487 270 549 Aeneas
286 488 366 549 celsa
379 487 409 550 in
424 488 527 571 puppi,
538 489 603 572 jam
617 495 718 552 cortus
733 489 835 569 eundi,

105 569 258 656 carpebat
272 593 398 649 somnos,
414 573 503 635 rebus
512 575 576 656 jam
591 575 647 636 rite
663 576 785 656 paratis.

104 657 187 721 Huic
203 678 235 719 ee
250 658 346 719 forma
360 658 408 719 dei
424 659 510 720 vultu
524 660 677 721 redeuntis
693 660 798 721 eodem

105 741 224 804 Obtulit
238 743 269 804 in
283 743 403 820 00111110,
419 765 580 826 rursusque
596 744 639 806 ita
654 745 717 806 visa
731 765 851 807 monere
867 751 923 824 est,

105 826 215 889 Omnia
229 827 382 889 Mercurio
397 828 509 906 similis,
525 850 699 911 vocemque,
715 831 915 912 coloremque,

104 912 146 972 Et
161 913 259 974 crines
274 913 377 989 flavos,
393 920 425 975 et
439 915 572 977 membra
587 915 696 976 decora
705 916 853 998 juventa:

102 995 186 1058 Nate
202 997 270 1075 dea,
285 1003 369 1079 potes
385 998 441 1060 hoc
456 999 511 1060 sub
527 1020 598 1061 casu
613 999 723 1060 ducere
739 998 880 1062 somnos?

102 1080 183 1160 Nec,
200 1102 277 1164 quae
293 1088 323 1144 te
339 1083 451 1144 circum
466 1090 547 1146 stent
561 1084 668 1146 deinde
684 1085 827 1166 pericula,
842 1084 963 1147 cernis?

102 1166 256 1231 Demens!
279 1187 335 1230 nec
351 1167 503 1251 Zephyros
519 1170 603 1231 audis
619 1171 731 1252 spirare
748 1169 894 1231 secundos
907 1168 920 1231 1

102 1251 162 1314 Illa
176 1252 257 1314 dolos
274 1252 430 1334 dirumque
445 1254 530 1314 nefas
544 1255 576 1315 in
590 1262 711 1336 pectore
726 1260 838 1332 versat,

104 1334 197 1398 00110
211 1337 296 1415 mori,
311 1337 452 1419 varioque
467 1338 579 1399 irarum
593 1340 718 1401 fluctuat
733 1345 828 1401 000111.

102 1420 135 1482 N
136 1443 175 1485 on
188 1423 268 1504 fugis
282 1422 351 1484 hinc
366 1443 521 1504 praeceps,
537 1423 609 1485 dum
623 1425 821 1507 praecipitare
835 1423 994 1505 potestas?

102 1506 125 1568 J
126 1527 175 1568 am
189 1528 272 1570 mare
287 1506 401 1569 turbari
416 1508 560 1586 trabibus,
576 1529 739 1590 saevasque
755 1508 869 1570 videbis

105 1590 369 1670 Collucerefaces,
380 1593 445 1674 jam
459 1593 576 1655 fervere
591 1594 679 1658 litora
692 1593 828 1672 flammis,

106 1675 139 1738 si
156 1682 186 1739 te
201 1677 397 1758 hisattigerit
413 1678 500 1740 terris
514 1678 636 1742 Aurora
649 1684 826 1742 morantem.

105 1761 162 1823 Eia
177 1783 245 1843 age,
262 1783 367 1845 rumpe
383 1783 500 1824 moras:
525 1763 641 1825 varium
656 1770 688 1825 et
701 1764 842 1825 mutabile
857 1783 975 1847 semper

102 1846 239 1909 Femina.
286 1845 335 1910 Sic
351 1848 441 1926 fatus,
453 1848 535 1910 nocti
549 1869 581 1910 se
596 1848 756 1911 immiscuit
770 1854 818 1910 atr
858 1895 865 1909 .

146 1932 224 1994 Tum
237 1953 308 1994 vero
323 1931 456 2012 Aeneas,
472 1934 576 1995 subitis
591 1934 751 1996 exterritus
766 1933 889 2013 umbris,

105 2015 235 2099 Corripit
249 2038 266 2079 e
281 2038 382 2079 somno
399 2037 517 2101 eorpus,
533 2019 685 2101 sociosque
700 2018 828 2100 fatigat:

103 2100 288 2185 Praecipites
303 2103 435 2184 vigilate,
450 2103 517 2182 viri,
533 2109 565 2166 01
581 2103 725 2166 considite
740 2102 877 2164 transtris
891 2122 899 2178 ;

105 2184 217 2248 Solvite
233 2188 299 2249 vela
314 2187 375 2250 citi.
420 2188 515 2266 Deus,
531 2190 652 2252 aethere
667 2189 773 2250 missus
788 2188 825 2249 ab
841 2189 912 2268 alto,

101 2271 257 2334 Festinare
272 2273 386 2354 fugam,
403 2278 553 2355 tortosque
568 2274 700 2335 incidere
716 2273 814 2351 funes,

102 2357 183 2419 Ecce
199 2357 308 2419 iterum
323 2359 464 2419 stimulat.
512 2357 671 2440 Sequimur
687 2363 728 2436 te,
744 2365 846 2420 sancte
862 2357 996 2438 deorum,

103 2440 242 2524 Quisquis
258 2463 300 2523 00,
314 2443 496 2525 imperioque
512 2443 621 2505 iterum
634 2463 773 2525 paremus
788 2449 921 2505 ovantes.

101 2526 194 2588 Adsis
210 2548 238 2606 0,
253 2528 446 2609 placidusque
458 2529 559 2612 juves,
575 2535 606 2609 01
621 2529 721 2590 sidera
736 2529 818 2590 coelo

101 2612 218 2674 Dextra
233 2613 322 2674 feras.
367 2612 452 2674 Dixit
467 2633 474 2688 ;
498 2614 666 2695 vaginaque
684 2613 772 2695 cripit
786 2633 888 2675 ensem

102 2697 302 2776 Fulmineum,
318 2698 480 2779 strictoque
496 2699 566 2761 ferit
581 2699 746 2760 retinacula
760 2698 850 2760 ferro.

101 2782 187 2843 Idem
203 2803 302 2845 omnes
319 2783 405 2844 simul
419 2784 508 2845 ardor
521 2784 613 2845 babet
626 2803 633 2859 3
655 2784 844 2866 rapiuntque,
860 2788 1010 2865 ruuntque
1024 2801 1033 2858 ;
1106 2786 1110 2794 '

101 2866 204 2928 Litora
217 2867 397 2943 deseruerc;
419 2869 494 2930 latet
508 2869 563 2930 sub
580 2869 722 2931 classibus
738 2889 850 2950 aequor
863 2889 872 2945 ;

99 2952 214 3012 11110111
229 2958 368 3034 torquent
383 2973 514 3034 spumas,
531 2959 562 3015 et
577 2955 697 3014 caerula
711 2960 844 3014 verrunt.

144 3038 184 3097 llt
194 3038 258 3118 jam
273 3038 368 3119 prima
382 3059 457 3099 novo
472 3039 632 3120 spargebat
646 3038 756 3099 lumine
772 3043 878 3100 terras

100 3121 218 3182 Tithoni
233 3142 370 3184 croceum
385 3123 523 3204 linquens
537 3121 659 3184 Aurora
674 3123 781 3184 cubile.

100 3207 218 3287 Regina
233 3228 249 3268 0
266 3207 393 3288 speculis
407 3213 441 3268 ut
456 3208 583 3289 primum
597 3208 750 3270 albescere
765 3208 864 3268 lucem

99 3292 195 3369 Vidit,
212 3298 244 3353 01
258 3293 392 3374 aequatis
409 3293 534 3355 classem
549 3292 711 3374 procedere
726 3292 811 3370 velis,

99 3376 259 3459 Litoraque
275 3385 305 3439 01
320 3398 430 3440 vacuos
445 3378 537 3439 sensit
551 3378 613 3440 sine
629 3378 741 3458 remige
756 3383 859 3459 portus
873 3396 881 3453 ;

94 3462 217 3543 'larque
234 3470 400 3544 quaterque
415 3483 506 3524 manu
520 3469 625 3545 pectus
640 3483 782 3544 percussa
797 3462 949 3541 decorum,

98 3546 317 3628 Flaventesque
333 3548 589 3624 abscissacomas,
603 3548 663 3609 Pro
677 3546 820 3629 Jupiter!
843 3546 898 3607 ibit

98 3632 170 3708 Hic,
186 3633 238 3709 ait,
256 3640 287 3694 01
301 3633 409 3694 nostris
424 3633 550 3694 illuserit
565 3633 681 3694 advena
695 3632 794 3712 regnis
808 3631 820 3692 1

97 3716 130 3777 N
131 3739 168 3778 on
184 3739 266 3778 011110
283 3717 452 3799 expedient,
467 3723 589 3799 totaque
605 3738 643 3778 ex
657 3717 730 3778 urbe
746 3721 921 3800 sequentur,

97 3802 314 3885 Deripientque
330 3810 410 3865 rates
425 3803 475 3865 alii
489 3800 669 3865 navalibus?
712 3801 773 3880 Ite,

1088 3563 1136 3612 590
