2496 4334
462 267 622 314 Arsames
645 267 710 314 mn.
734 267 809 314 vm.
1074 247 1137 314 23⁷

99 419 192 500 Nate,
208 426 270 499 tuo,
285 441 383 503 neque
398 421 521 483 finitimo
536 420 704 484 Mezentius
719 439 861 501 umquam

98 503 181 567 Huic
198 507 288 589 capiti
302 507 446 568 insultans
461 513 506 568 tot
520 506 599 567 ferro
614 526 705 568 saeva
717 505 849 567 dedisset
1089 526 1137 574 570

98 590 231 671 Funera,
246 597 308 653 tam
322 592 422 653 multis
437 591 590 653 viduasset
605 591 717 653 civibus
732 591 847 653 urbem.

99 675 145 737 At
159 697 222 756 vos,
238 698 255 739 o
270 677 381 758 superi,
397 682 428 738 et
443 676 544 737 divum
558 682 592 737 tu
606 676 733 738 maxime
748 681 848 737 rector
913 674 916 682 “

99 760 231 843 Jupiter,
245 760 382 839 Arcadii,
398 781 519 843 quaeso,
534 761 716 823 miserescite
730 761 822 842 regis,

100 844 142 908 Et
156 847 268 928 patrias
284 846 385 908 audite
400 864 525 929 preces:
552 845 585 909 Si
599 847 721 908 numina
736 851 837 908 vestra

101 929 283 994 incolumem
298 931 436 993 Pallanta
447 931 529 1010 mihi,
545 932 570 993 si
584 931 648 993 fata
661 937 828 1009 reservant,

102 1014 135 1077 Si
149 1017 265 1078 visurus
281 1037 349 1078 eum
364 1017 431 1078 vivo
446 1023 477 1078 et
491 1022 635 1078 venturus
651 1017 681 1077 in
696 1037 800 1093 unum,

99 1099 204 1163 Vitam
215 1120 285 1177 oro;
300 1102 398 1184 patior
408 1102 543 1183 quemvis
558 1101 667 1163 durare
682 1101 836 1176 laborem

102 1183 156 1247 Sin
171 1187 300 1270 aliquem
312 1187 466 1248 infandum
480 1207 593 1265 casum,
608 1186 753 1264 Fortuna,
767 1184 909 1248 minaris:

100 1270 203 1350 Nunc,
217 1292 297 1334 nunc
313 1292 330 1334 o
344 1272 435 1334 liceat
449 1272 601 1334 crudelem
616 1273 792 1354 abrumpere
807 1271 910 1350 vitam,

100 1354 182 1418 Dum
196 1377 286 1419 curae
302 1358 469 1438 ambiguae,
484 1357 555 1418 dum
571 1378 639 1440 spes
653 1358 769 1419 incerta
783 1356 888 1436 futuri,

100 1440 182 1503 Dum
196 1447 238 1520 te,
254 1462 323 1504 care
337 1463 423 1524 puer,
439 1463 506 1505 mea
520 1443 582 1504 sola
597 1448 629 1505 et
643 1463 711 1504 sera
724 1443 872 1525 voluptas,

102 1524 279 1608 Complexus
294 1533 383 1590 teneo
397 1548 405 1604 ;
428 1528 546 1610 gravior
561 1548 621 1590 neu
633 1528 756 1589 nuntius
770 1547 858 1590 aures

99 1610 260 1674 Vulneret.
305 1613 392 1675 Haeo
409 1614 526 1694 genitor
540 1612 678 1695 digressu
692 1612 774 1675 dicta
790 1631 927 1695 supremo

99 1693 280 1773 Fundebat3
302 1698 405 1760 famuli
420 1699 582 1781 collapsum
595 1699 627 1760 in
641 1704 723 1760 tecta
737 1698 885 1760 serebant.

141 1782 272 1864 Jamque
288 1783 363 1845 adeo
379 1783 493 1846 exierat
506 1784 599 1865 portis
615 1784 765 1865 equitatus
781 1782 903 1868 apertis,

99 1865 222 1930 Aeneas
236 1867 315 1930 inter
329 1869 438 1951 primos
453 1875 485 1931 et
498 1869 577 1931 fidus
591 1868 738 1947 Achates,

100 1951 177 2014 Inde
193 1953 242 2015 alii
256 1952 363 2036 Trojae
377 1974 516 2036 proceres
530 1975 538 2030 3
561 1954 624 2037 ipse
643 1955 761 2036 agmine
779 1952 880 2016 Pallas

99 2036 139 2099 In
152 2036 261 2116 medic,
277 2039 433 2122 chlamyde
449 2045 481 2102 et
494 2039 581 2122 pictis
597 2045 774 2122 conspectus
787 2039 819 2100 in
833 2037 943 2103 armis:

100 2120 204 2194 Qualis
218 2123 270 2184 ubi
285 2122 398 2187 Oceani
412 2125 551 2208 perfusus
566 2124 689 2187 Lucifer
705 2124 797 2203 unda,

101 2205 199 2285 Quem
211 2207 318 2273 Venus
334 2217 404 2272 ante
419 2210 491 2273 alios
503 2217 651 2273 astrorum
665 2210 763 2292 diligit
776 2210 874 2290 ignes,

100 2292 218 2356 Extulit
232 2314 264 2356 os
277 2316 394 2367 sacrum
409 2296 491 2359 coelo
505 2296 704 2378 tenebrasque
718 2294 850 2357 resolvit.

102 2376 192 2441 Stant
206 2381 332 2461 pavidae
347 2381 378 2443 in
391 2380 484 2443 rumis
498 2387 621 2460 matres,
636 2381 787 2462 oculisque
803 2383 970 2461 sequuntur

100 2464 279 2528 Pulveream
292 2467 403 2528 nubem
418 2472 449 2528 et
463 2467 614 2548 fulgentes
628 2486 698 2529 aere
714 2471 861 2537 catervas.

101 2548 162 2611 Olli
175 2571 230 2632 per
245 2551 360 2630 dumos,
376 2572 437 2633 qua
450 2552 583 2633 proxima
596 2557 678 2613 meta
691 2551 818 2629 viarum,

98 2634 219 2698 Armati
234 2636 382 2713 tendunt;
404 2637 428 2698 it
443 2637 564 2714 clamor,
580 2643 612 2700 et
626 2637 744 2718 agmine
757 2636 838 2698 facto

100 2718 354 2803 Quadrupedante
370 2728 488 2803 putrem
502 2722 601 2785 sonitu
616 2722 713 2804 quatit
726 2721 839 2802 ungula
855 2739 1002 2803 campum.

99 2804 158 2867 Est
171 2806 277 2888 ingens
293 2807 424 2888 gelidum
437 2808 523 2869 lucus
538 2828 630 2890 prope
647 2806 776 2870 Caeritis
791 2825 919 2884 amnem,

98 2890 255 2973 Religione
270 2898 389 2975 patrum
402 2892 464 2954 late
478 2913 564 2955 sacer
576 2913 585 2968 ;
607 2891 739 2973 undique
755 2892 845 2953 colles

98 2975 254 3039 Inclusere
270 2977 336 3038 cavi
350 2983 382 3039 et
396 2977 483 3058 nigra
496 2998 601 3039 nemus
617 2977 714 3039 abiete
731 2976 866 3057 cingunt.

100 3059 221 3126 Silvano
232 3062 312 3124 fama
327 3067 373 3123 est
387 3068 505 3125 veteres
520 3082 654 3125 sacrasse
671 3061 825 3142 Pelasgos,

97 3146 250 3210 Arvorum
265 3147 440 3228 pecorisque
456 3146 523 3226 deo,
537 3149 698 3229 lucumque
714 3145 864 3228 diemque,

99 3229 159 3304 Qui
172 3231 259 3314 primi
272 3232 347 3294 fines
363 3231 520 3314 aliquando
535 3233 667 3295 habuere
682 3231 814 3295 Latinos.

98 3316 192 3379 Haud
206 3317 311 3399 procul
324 3317 393 3380 hinc
408 3317 525 3391 'L'archo
540 3323 571 3379 et
586 3317 734 3401 Tyrrheni
749 3323 816 3380 tuta
830 3316 975 3381 tenebant

100 3401 208 3464 Castra
221 3402 304 3480 locis,
320 3403 458 3484 celsoque
474 3403 567 3465 omnis
582 3402 620 3464 de
636 3404 710 3465 colle
725 3403 821 3466 videri

98 3486 120 3548 J
121 3507 170 3549 am
184 3492 303 3569 poterat
316 3487 406 3569 legio,
421 3488 535 3550 stlatis
550 3487 693 3550 tendebat
706 3489 738 3549 in
753 3488 841 3551 arvis.

98 3571 170 3633 Huc
186 3578 273 3653 pater
287 3572 409 3634 Aeneas
425 3579 456 3635 et
470 3573 547 3635 bello
561 3574 641 3634 lecta
651 3574 795 3656 juventus

100 3655 285 3735 Succedunt,
300 3657 431 3739 fessique
447 3664 478 3720 et
494 3678 585 3740 equos
601 3664 632 3720 et
646 3677 770 3740 corpora
785 3663 901 3720 curant.

141 3741 188 3806 At
202 3743 309 3808 Venus
325 3743 473 3807 aetherios
487 3744 567 3806 inter
581 3742 639 3807 dea
654 3742 782 3806 candida
795 3741 910 3807 nimbos
