2496 4334
404 305 565 353 Aruernos
588 306 653 352 nra.
676 306 738 353 xn.
1037 284 1100 349 331
1174 289 1176 294 ’

61 459 239 523 Successum
255 461 312 523 dea
327 460 392 522 dira
406 467 509 542 negat.
554 460 631 522 Tum
645 465 767 542 pectore
783 480 887 522 sensus

58 545 230 608 Vertuntnr
245 546 329 609 varii.
375 547 503 608 Rutulos
519 544 676 627 adspectat
691 552 722 607 et
736 545 853 622 urbem,
1053 561 1100 610 915

59 629 285 714 Ounctatnrquc
302 637 396 709 metu,
412 632 563 712 telumque
578 631 690 692 instare
708 630 854 692 tremiscit
867 649 875 706 ;

58 715 91 777 N
92 737 138 794 ec,
155 738 213 798 quo
229 737 261 778 se
277 716 394 799 eripiat,
410 737 478 792 nec,
494 736 554 798 qua
568 716 599 777 vi
613 716 719 777 tendat
733 716 765 777 in
779 715 907 794 hostem,

58 800 91 862 N
92 821 126 862 ec
142 821 249 863 currus
264 821 390 884 usquam
404 801 488 863 ridet
502 800 696 882 aurigamque
712 820 851 863 sororem.

59 885 222 948 Cunctanti
235 887 329 948 telum
343 885 466 948 Aeneas
480 887 571 948 fatale
588 891 735 963 coruscat,

61 969 191 1033 Sortitus
205 971 356 1033 fortunam
370 972 474 1049 oculis,
491 978 521 1032 et
536 991 659 1054 corpore
675 977 737 1033 toto

58 1054 184 1118 Eminus
198 1056 361 1138 intorquet.
406 1056 518 1118 Murali
535 1056 652 1118 concita
665 1075 828 1136 numquam

58 1140 218 1204 Tormento
234 1141 276 1203 sic
292 1161 364 1203 saxa
377 1141 520 1219 fremunt,
535 1161 591 1203 nec
607 1140 730 1202 fulmine
746 1139 822 1201 tanti

14 1274 21 1284 .
58 1225 227 1288 Dissultant
242 1226 383 1308 crepitus.
429 1226 523 1289 Volat
538 1226 595 1288 atri
611 1225 737 1287 turbinis
750 1225 845 1286 instar

57 1309 191 1372 Exitium
208 1311 305 1373 dirum
318 1311 405 1373 hasta
419 1311 530 1389 ferens,
546 1331 673 1392 orasque
688 1309 817 1372 recludit

57 1394 182 1458 Loricae
198 1403 229 1458 et
244 1396 342 1479 clypei
357 1403 504 1458 extremos
519 1395 719 1477 septemphcis
734 1394 830 1457 orbes.

57 1480 119 1542 Per
132 1479 264 1542 medium
279 1480 408 1542 stridens
423 1481 531 1542 transit
545 1481 653 1543 femur.
699 1479 811 1541 Incidit
827 1479 905 1540 ictus

58 1565 172 1647 Ingens
188 1565 227 1627 ad
241 1573 353 1628 terram
368 1565 518 1648 duplicato
532 1566 643 1648 poplite
659 1565 788 1627 Turnus.

59 1649 252 1732 Consurgrmt
267 1652 380 1732 gemitu
395 1651 512 1730 Rutuli,
527 1657 667 1733 totusque
682 1650 812 1732 remugit

59 1733 150 1798 Mons
166 1737 290 1814 circum,
306 1742 337 1797 et
351 1756 455 1797 vocem
469 1737 529 1797 late
544 1755 667 1798 nemora
682 1736 744 1797 alta
757 1735 922 1797 remittunt.

57 1821 116 1883 Ille
130 1821 251 1882 humilis
266 1821 450 1903 supplexque
466 1821 566 1883 oculos
581 1820 777 1903 dextramque
792 1825 966 1902 precantem

59 1906 262 1984 Protendens,
279 1905 429 1988 Equidem
444 1906 550 1984 merui,
565 1926 621 1968 nec
638 1905 794 1988 deprecor,
808 1904 926 1988 inquit3

56 1990 156 2054 Utere
172 1999 251 2052 sorte
267 1997 329 2052 tna.
375 1990 481 2052 Miseri
495 1997 525 2052 te
541 1990 566 2052 si
581 2011 641 2073 qua
655 1991 788 2072 parentis

57 2075 195 2157 Tangere
211 2096 284 2138 cura
299 2081 408 2158 potest,
423 2097 525 2138 oro-
536 2076 593 2137 fuit
608 2082 640 2137 et
654 2075 708 2137 tibi
725 2075 792 2137 talis

56 2160 208 2223 Anchises
223 2161 339 2243 genitor
349 2195 394 2204 -
404 2161 506 2222 Dauni
520 2160 660 2224 miserere
676 2167 827 2239 senectae,

57 2244 101 2306 Et
114 2267 174 2324 me,
190 2267 244 2307 seu
259 2266 365 2328 corpus
381 2247 537 2328 spoliatum
551 2246 662 2307 lumine
678 2246 782 2323 marie,

58 2329 167 2392 Redde
183 2331 266 2393 meis.
312 2331 432 2410 Vicisti,
449 2337 480 2393 et
495 2331 607 2393 victum
622 2331 746 2393 tendere
761 2331 873 2413 palmas

57 2414 184 2477 Ausonii
199 2416 300 2478 videre
314 2437 322 2492 ;
345 2422 399 2478 tua
414 2423 460 2478 est
474 2415 599 2477 Lavinia
615 2417 743 2499 conjux:

57 2500 194 2562 Ulterius
208 2522 246 2562 ne
262 2500 352 2562 tende
369 2501 452 2562 odiis.
500 2499 592 2563 Stetit
606 2521 677 2563 acer
691 2502 723 2561 in
738 2498 827 2562 armis

56 2585 191 2664 Aeneas,
208 2587 330 2648 volvens
345 2587 456 2664 oculos,
473 2585 667 2667 dextramque
683 2584 826 2668 repressit
839 2604 847 2659 ;

57 2669 101 2731 Et
109 2672 174 2752 jam
183 2671 306 2753 jamque
321 2671 416 2752 magis
431 2676 623 2737 cunctantem
636 2672 758 2732 flectere
774 2690 870 2732 sermo

59 2753 218 2837 Coeperat,
233 2756 337 2816 infelix
350 2757 474 2818 humero
489 2776 582 2838 quum
597 2755 736 2838 apparuit
751 2755 810 2816 'alto

57 2839 194 2917 Balteus,
210 2847 241 2902 et
255 2841 332 2902 notis
347 2841 496 2902 fulserrmt
511 2841 632 2922 cingula
646 2841 734 2902 bullis

58 2924 204 2986 Pallantis
219 2925 315 3006 pueri,
331 2925 444 2987 vietum
459 2945 549 3007 quem
563 2926 687 2987 vulnere
702 2924 822 2986 Turnus

59 3007 228 3086 Straverat,
243 3015 333 3091 atquc
348 3010 479 3072 humeris
494 3009 645 3071 inimicum
659 3010 775 3090 insigne
790 3007 926 3090 gerebat.

57 3094 126 3171 Ille,
142 3094 234 3155 oculis
250 3101 406 3176 postquam
421 3094 502 3156 saevi
516 3101 707 3157 monumenta
722 3094 830 3155 doloris

57 3178 249 3260 Exuviasque
264 3179 374 3256 hausit,
390 3179 474 3241 tirriis
489 3199 633 3242 accensus
649 3186 680 3242 et
694 3180 740 3241 ira

38 3278 41 3282 ·
56 3263 228 3324 Terribilis:
252 3263 337 3325 Tune
352 3264 421 3325 hinc
437 3265 536 3346 spoliis
551 3264 654 3326 indute
670 3284 804 3326 meorum

58 3346 196 3428 Eripiare
211 3348 283 3409 mihi
296 3347 309 3408 ‘2
355 3348 455 3410 Pallas
470 3354 501 3410 te
516 3351 572 3410 hoc
587 3350 723 3427 vulnere,
740 3348 841 3410 Pallas

55 3431 207 3510 Immolat,
223 3439 254 3493 et
268 3452 395 3514 poenam
410 3434 555 3495 scelerato
571 3455 608 3495 ex
623 3434 768 3515 sanguine
784 3431 883 3495 sumit.

56 3515 125 3578 Hoc
142 3515 244 3578 dicens
258 3518 372 3578 ferrum
387 3517 512 3580 adverso
527 3519 581 3580 sub
596 3526 717 3600 pectore
734 3516 836 3579 condit

54 3600 213 3664 Fervidus.
258 3601 320 3663 Ast
334 3603 377 3663 illi
392 3602 547 3664 solvuntur
561 3603 672 3684 frigore
688 3602 832 3678 membra,

55 3685 190 3769 Vitaque
207 3706 275 3747 cum
289 3687 403 3769 gemitu
417 3687 497 3768 fugit
510 3686 665 3769 indignata
680 3686 734 3749 sub
748 3685 880 3746 umbras.
