2496 4334
483 319 643 366 xnxnmos
665 319 731 366 nra.
747 267 795 366 xi.
1084 306 1147 370 293

108 471 199 534 Nunc
217 472 302 551 adeo,
318 493 395 555 quae
411 472 450 534 sit
465 473 571 536 dubiae
587 473 737 537 sententia
749 472 853 553 menti,

107 555 274 639 Expediam
289 566 321 620 et
335 559 437 641 paucis
451 594 497 607 -
511 560 622 622 animos
638 558 776 621 adhibete
790 593 834 604 -
849 559 971 624 docebo.
1098 582 1146 631 315

107 641 165 704 Est
180 644 319 726 antiquus
333 664 407 725 ager
421 644 519 706 Tusco
533 644 605 706 mihi
619 645 769 726 proximus
785 645 875 724 amni,

107 725 229 809 Longus
244 729 275 790 in
290 749 439 808 occasum,
453 731 528 792 fines
544 750 634 812 super
648 751 744 812 usque
762 727 885 793 Sicanos
900 751 908 808 ;

106 811 245 875 Aurunci
260 814 424 895 Rutulique
440 820 546 877 serunt
560 822 592 876 et
605 835 724 877 vomere
742 814 831 878 duros

106 897 260 960 Exercent
275 900 375 977 colles,
388 905 479 982 atque
494 901 600 962 horum
616 899 779 981 asperrima
793 906 932 982 pascunt.

105 980 193 1045 Haec
209 984 302 1046 omnis
317 985 400 1066 regio
413 991 444 1046 et
455 986 528 1047 celsi
542 986 632 1067 plaga
646 985 736 1066 pinea
749 985 857 1047 montis

107 1066 205 1130 Cedat
219 1069 366 1132 amicitiae
381 1069 565 1132 Teucrorum
578 1090 586 1146 ;
611 1075 640 1131 et
655 1069 784 1131 foederis
796 1089 908 1152 aequas

105 1152 248 1216 Dicamus
263 1155 356 1236 leges,
372 1156 524 1238 sociosque
539 1155 570 1216 in
585 1175 680 1236 regna
694 1175 833 1217 vocemus
847 1175 855 1231 ;

106 1235 280 1317 Considunt,
295 1240 321 1301 si
336 1246 436 1303 tantus
452 1261 545 1320 amor,
560 1245 592 1302 et
606 1239 723 1301 moenia
737 1240 877 1303 condant.

107 1319 161 1382 Sin
176 1323 247 1386 alios
262 1325 336 1386 fines
352 1325 499 1408 aliamque
514 1345 671 1407 capessere
687 1330 809 1406 gentem

104 1405 162 1468 Est
177 1408 302 1487 animus,
318 1417 501 1493 possuntque
517 1410 578 1472 solo
594 1409 741 1472 decedere
756 1415 857 1473 nostro
870 1430 879 1487 3

103 1491 158 1554 Bis
174 1493 266 1557 denas
282 1494 360 1557 Italo
375 1501 511 1558 texamus
525 1496 630 1558 robore
645 1515 749 1574 naves,

106 1574 168 1639 Seu
183 1579 284 1660 plures
300 1581 448 1662 complere
464 1582 585 1644 valent:
605 1581 690 1663 jacet
704 1579 797 1642 omnis
812 1579 852 1642 ad
866 1580 979 1644 undam

102 1660 266 1726 Materies:
290 1665 347 1747 ipsi
360 1686 576 1747 numerumque
591 1665 771 1746 modumque
788 1665 896 1728 carinis

103 1745 316 1831 Praecipiant;
339 1772 392 1813 nos
407 1771 489 1828 aera,
504 1770 619 1827 manus,
634 1751 752 1812 navalia
768 1750 882 1812 demus.

102 1830 278 1914 Praeterea,
294 1836 346 1917 qui
360 1835 441 1897 dicta
455 1835 554 1896 ferant
569 1841 601 1896 et
614 1835 737 1897 foedera
750 1835 881 1914 firment,

104 1914 233 1980 Centum
248 1927 381 1982 oratores
396 1921 491 2002 prima
506 1920 543 1982 de
559 1925 650 2001 gente
665 1918 788 1981 Latinos

102 2000 154 2063 Ire
169 2005 280 2085 placet,
294 2006 436 2088 pacisque
452 2026 543 2067 manu
557 2003 755 2087 praetendere
770 2023 879 2084 ramos,

101 2084 233 2151 Munera
247 2096 400 2172 portantes
415 2091 539 2173 aurique
556 2089 712 2171 eborisque
727 2089 842 2151 talenta

101 2169 145 2232 Et
158 2174 263 2236 sellam
277 2175 363 2257 regni
378 2176 571 2257 trabeamque
583 2174 711 2256 insignia
721 2173 825 2235 nostri.

102 2254 255 2321 Consulite
271 2260 302 2320 in
316 2260 448 2322 medium
463 2266 494 2322 et
510 2260 598 2322 rebus
613 2259 779 2322 succurrite
790 2257 897 2322 fessis!

145 2343 222 2405 Tum
237 2344 385 2423 Drances,
400 2345 479 2407 idem
493 2346 637 2423 infensus,
653 2366 743 2426 quem
757 2343 852 2425 gloria
866 2342 960 2405 Turni

103 2429 232 2511 Obliqua
246 2430 358 2493 invidia
372 2431 557 2512 stimulisque
573 2429 706 2512 agitabat
721 2428 840 2506 amaris,

100 2513 219 2595 Largus
234 2536 324 2599 opum
339 2521 371 2577 et
384 2516 488 2598 lingua
503 2516 616 2593 melior,
633 2515 687 2577 sed
700 2513 812 2595 frigida
825 2513 902 2574 bello

100 2599 246 2678 Dextera,
258 2601 386 2663 consiliis
401 2601 520 2663 habitus
534 2623 594 2663 non
608 2600 701 2662 futilis
716 2604 831 2677 auctor,

102 2682 256 2746 Seditione
271 2691 397 2767 potens:
422 2707 517 2767 genus
531 2686 601 2748 huic
616 2691 752 2747 materna
767 2682 928 2765 superbum

100 2768 248 2831 Nobilitas
264 2770 366 2849 dabat,
380 2771 529 2833 incertum
544 2771 581 2833 de
597 2776 682 2853 patre
697 2769 835 2844 ferebat;

102 2852 207 2937 Surgit
222 2855 312 2917 ethis
328 2862 433 2918 onerat
448 2855 535 2917 dictis
550 2863 641 2937 atque
657 2858 783 2936 aggerat
797 2853 857 2914 iras
873 2874 881 2914 ε

99 2939 178 3001 Rem
192 2940 266 3001 nulli
280 2941 448 3020 obscuram,
462 2947 581 3003 nostrae
597 2961 653 3002 nec
669 2940 748 3003 vocis
764 2944 904 3019 egentem

101 3022 249 3102 Consulis,
265 3046 282 3086 o
296 3025 372 3088 bone
387 3046 451 3087 rex.
498 3024 607 3088 Cuncti
622 3046 653 3087 se
669 3025 745 3086 scire
761 3023 905 3099 fatentur,

100 3107 314 3181 Quidfortuna
329 3111 408 3172 ferat
422 3110 542 3192 populi;
565 3109 619 3172 sed
634 3110 735 3171 dicere
750 3113 894 3169 mussant.
1093 3126 1141 3174 345

72 3212 73 3217 ’
98 3193 162 3255 Det
176 3194 345 3257 libertatem
360 3195 443 3257 fandi
457 3197 606 3278 flatusque
620 3194 765 3271 remittat,

101 3277 194 3361 Cujus
209 3279 246 3341 ob
261 3280 426 3361 auspicium
440 3280 601 3343 infaustum
617 3278 772 3360 mor'esque
789 3275 921 3339 sinistros
936 3309 980 3322 -·
1039 3293 1040 3298 ’

98 3363 208 3425 Dicam
222 3364 372 3446 equidem,
388 3365 460 3427 licet
475 3386 558 3427 arma
572 3365 644 3426 mihi
658 3371 843 3444 mortemque
858 3361 989 3424 minetur
1001 3394 1046 3405 -

99 3446 226 3510 Lumina
242 3455 287 3511 tot
303 3449 445 3512 cecidisse
461 3450 582 3528 ducum,
599 3455 751 3532 totamque
768 3447 902 3510 videmus

100 3531 277 3596 Consedisse
293 3535 398 3596 urbem
411 3536 506 3613 luctu,
523 3535 595 3595 dum
609 3535 699 3597 Troia
713 3537 812 3595 tentat
1092 3549 1138 3598 350

100 3616 218 3696 Castra,
229 3619 320 3700 fugae
335 3619 443 3697 fidens,
459 3627 490 3681 et
506 3621 622 3682 coelum
636 3619 757 3681 territat
771 3615 871 3677 armis.

98 3701 200 3765 Unum
217 3704 307 3765 etiam
323 3705 406 3767 donis
421 3705 496 3783 istis,
512 3724 589 3787 quae
605 3704 733 3787 plurima
746 3699 825 3763 mitti

98 3786 280 3851 Dardanidis
296 3789 414 3872 dicique
424 3791 525 3903 jubqs,
540 3810 644 3870 rmum,
660 3788 770 3873 optime
785 3805 904 3867 regum,
