2496 4334
428 269 590 315 annnmos
617 269 681 314 are.
709 268 748 314 11.
1051 251 1114 316 105

75 421 159 496 Quod
174 425 281 507 pelago
296 430 328 486 et
343 423 441 486 curvis
456 444 558 487 secum
573 443 701 485 avexere
717 422 836 485 carinis.

71 507 218 588 Etnunc,
234 509 315 592 quod
329 510 442 592 patrias
456 516 546 572 vento
561 509 675 590 petiere
691 508 849 592 Mycenas,
1067 531 1113 580 ιω

69 593 168 657 Arma
183 595 315 677 deosque
332 601 440 678 parant
455 595 588 671 comites,
603 595 770 676 pelagoque
785 615 923 658 remenso

68 679 229 762 Improvisi
243 680 382 742 aderunt.
427 680 477 742 Ita
492 679 603 762 digerit
618 680 715 741 omina
731 678 869 742 Calchas.

69 763 161 828 Hanc
176 787 229 848 pro
245 764 391 843 Palladio,
405 767 519 844 moniti,
535 786 589 848 pro
603 765 723 826 numine
739 766 831 843 laeso,

69 849 209 932 Effigiem
223 857 368 930 statuere,
383 852 468 914 nefas
485 873 563 934 quae
579 851 664 914 triste
680 851 787 932 piaret.

68 934 161 998 Hanc
177 942 277 998 tamen
291 936 464 999 immensam
481 936 608 1000 Calchas
623 937 759 999 attollere
774 937 881 999 molem

68 1021 238 1084 Roboribus
252 1022 353 1102 textis,
369 1024 510 1106 coeloque
526 1023 667 1101 educere,
677 1023 779 1105 jussit,

68 1106 120 1169 Ne
135 1107 229 1190 recipi
243 1108 338 1190 portis
353 1115 406 1171 aut
421 1108 490 1171 duci
505 1109 536 1171 in
550 1108 668 1171 moenia
682 1108 793 1189 possit;

68 1191 102 1253 N
103 1214 143 1254 en
158 1194 299 1276 populum
313 1194 437 1276 antiqua
451 1194 506 1257 sub
522 1194 665 1275 religione
681 1193 770 1255 tueri.

68 1276 102 1338 N
102 1299 153 1340 am
168 1279 193 1341 si
207 1286 308 1342 vestra
321 1299 426 1342 manus
442 1281 580 1343 violasset
595 1279 674 1341 dona
688 1278 856 1355 Minervae,

68 1362 149 1426 Tum
161 1384 303 1447 magnum
318 1365 440 1427 exitium
451 1401 494 1411 —
506 1364 586 1448 quod
601 1363 632 1425 di
647 1364 728 1446 prius
744 1384 832 1426 omen
845 1363 877 1425 in
890 1362 989 1446 ipsum

70 1447 274 1515 convertant!
286 1485 330 1496 -
342 1449 455 1513 Priami
468 1451 592 1533 imperio
607 1449 838 1532 Phrygibusque
853 1449 989 1510 futurum
1000 1469 1009 1527 ;

70 1532 126 1597 Sin
140 1535 275 1598 manibus
289 1536 396 1599 vestris
411 1542 541 1599 vestram
557 1535 741 1599 ascendisset
755 1535 787 1596 in
802 1535 925 1597 urbem:

68 1619 162 1682 Ultro
175 1618 281 1683 Asiam
294 1641 404 1704 magno
419 1621 551 1704 Pelopea
566 1621 604 1683 ad
618 1621 736 1682 moenia
749 1619 828 1683 bello

67 1704 251 1785 Venturam,
267 1712 298 1768 et
311 1713 427 1770 nostros
443 1728 480 1770 ea
493 1708 557 1769 fata
571 1726 694 1768 manere
708 1711 845 1788 nepotes.

112 1790 235 1853 Talibus
250 1792 362 1855 insidiis
377 1792 548 1876 perjurique
564 1798 629 1854 arte
647 1791 776 1871 Sinonis,

68 1873 196 1939 Credita
209 1897 268 1957 res,
284 1878 422 1961 captique
438 1878 512 1941 dolis
526 1877 726 1961 lacrymisque
744 1876 867 1957 coactis,

67 1958 153 2032 Quos
167 1983 264 2045 neque
279 1962 423 2047 Tydides,
438 1985 494 2026 nec
510 1963 685 2026 Larissaeus
700 1962 849 2042 Achilles,
893 1973 896 1978 “

66 2045 142 2134 Non
157 2048 226 2109 anni
241 2047 380 2112 domuere
397 2049 513 2128 decem,
529 2070 591 2111 non
604 2049 684 2112 mille
700 2049 831 2111 carinae.

112 2131 174 2194 Hic
191 2133 270 2196 aliud
284 2136 380 2219 majus
394 2135 508 2198 miseris
523 2135 676 2217 multoque
691 2133 880 2196 tremendum

66 2215 220 2301 Objicitur
233 2217 338 2302 magis,
354 2226 444 2303 atque
460 2220 626 2303 improvida
640 2225 764 2302 pectora
779 2219 891 2283 turbat.

65 2302 218 2381 Laocoon,
234 2303 340 2368 ductus
355 2305 500 2388 Neptuno
515 2312 594 2369 sorte
610 2304 760 2384 sacerdos,

68 2385 225 2452 Solemnes
240 2396 359 2454 taurum
373 2391 527 2474 ingentem
541 2392 694 2454 mactabat
709 2390 748 2452 ad
763 2410 841 2452 aras.

66 2473 151 2535 Ecce
166 2481 267 2537 autem
282 2476 394 2558 gemini·
406 2498 425 2540 a
440 2477 562 2539 Tenedo
576 2476 738 2558 tranquilla
752 2496 807 2558 per
822 2475 884 2538 alta
893 2509 937 2522 -

66 2559 221 2624 Horresco
235 2562 369 2624 referens
380 2597 424 2609 -
434 2562 584 2625 immensis
599 2563 718 2624 orbibus
733 2581 847 2643 angues

65 2643 250 2708 Incumbunt
264 2648 381 2730 pelago,
397 2648 568 2730 pariterque
586 2647 625 2709 ad
639 2648 727 2709 litora
741 2645 887 2708 tendunt:

66 2729 199 2794 Pectora
213 2752 338 2814 quorum
355 2733 434 2795 inter
448 2733 557 2796 fluctus
572 2742 691 2795 arrecta
700 2732 853 2815 jubaeque

67 2814 260 2898 Sangrineae
275 2823 418 2900 superant
431 2819 527 2881 undas
539 2838 546 2893 3
569 2838 639 2900 pars
655 2823 776 2879 caetera
789 2822 914 2899 pontum

66 2901 151 2963 Pone
166 2902 250 2984 legit,
266 2903 444 2986 sinuantque
459 2904 604 2966 immensa
620 2902 768 2965 volumine
784 2909 881 2983 terga.

66 2987 117 3048 Fit
131 2988 255 3066 sonitus,
271 2995 427 3070 spumante
442 2991 514 3052 salo.
555 2989 686 3069 Jamque
702 3007 775 3049 arva
789 2987 949 3061 tenebant;

64 3072 281 3155 Ardentesque
297 3074 398 3136 oculos
412 3074 530 3137 suffecti
544 3074 690 3154 sanguine
706 3078 737 3134 et
752 3072 826 3153 igni,

68 3157 163 3220 Sibila
177 3158 348 3220 lambebant
361 3159 471 3241 linguis
486 3160 671 3223 vibrantibus
686 3177 749 3219 ora.

65 3243 248 3326 Diffirgimus
262 3244 328 3306 visu
343 3260 520 3326 exsangues.
566 3244 616 3306 Illi
631 3243 749 3326 agmine
765 3247 848 3304 certo

66 3328 240 3391 Laocoonta
253 3334 371 3411 petunt.
416 3329 459 3392 Et
472 3331 600 3412 primum
615 3349 709 3412 parva
724 3328 851 3390 duorum

67 3413 202 3496 Corpora
215 3419 354 3476 natorum
368 3435 491 3497 serpens
507 3417 660 3497 amplexus
674 3420 802 3495 uterque

66 3499 218 3581 Implicat,
235 3505 265 3561 et
280 3500 402 3562 miseros
417 3521 517 3562 morsu
532 3500 704 3582 depascitur
719 3506 821 3573 artus3

66 3585 141 3647 Post
156 3585 264 3666 ipsum,
281 3585 390 3646 auxilio
407 3586 584 3647 subeuntem
600 3605 635 3647 ac
651 3586 712 3646 tela
726 3584 885 3659 serentem,

67 3669 251 3752 Corripiunt,
267 3670 414 3753 spirisque
426 3671 523 3752 ligant
536 3670 707 3752 ingentibus
720 3689 728 3744 ;
752 3674 784 3730 et
793 3667 858 3751 jam

65 3755 120 3819 Bis
136 3754 270 3818 medium
285 3756 424 3838 amplexi,
438 3757 484 3818 bis
500 3757 575 3819 collo
590 3775 733 3838 squamea
748 3753 861 3816 circum
