2496 4334
424 270 584 316 AIINIIIDOS
604 270 672 315 mu.
696 269 750 316 111.

68 421 127 484 Ter
141 443 277 507 spumam
291 423 395 486 elisam
410 429 442 485 et
455 423 587 488 rorantia
601 423 729 486 vidimus
744 429 836 487 astra.

67 507 191 572 Interea
204 509 297 572 fessos
312 515 420 572 ventus
436 529 504 571 cum
519 510 580 571 sole
596 510 717 592 reliquit
728 529 748 585 ;ι

66 591 231 676 Ignarique
245 594 323 673 viae,
340 593 505 678 Cyclopum
520 595 675 656 allabimur
695 595 764 657 oris.

108 678 220 742 Portus
235 678 272 741 ab
289 700 413 742 accessu
427 678 584 742 ventorum
597 679 746 758 immotus,
762 687 793 742 et
807 679 915 764 ingens
1061 699 1109 748 570

64 762 158 845 Ipse;
181 764 235 826 sed
250 764 394 827 horrificis
404 765 494 847 juxta
509 771 592 827 tonat
606 764 710 827 Aetna
723 765 828 843 ruinis,

64 847 283 931 Interdumque
299 855 395 912 atram
409 850 575 932 prorumpit
587 849 626 911 ad
641 851 766 913 aethera
779 850 901 930 nubem,

65 933 198 996 Turbine
213 934 378 997 firmantem
391 936 487 1017 piceo,
503 940 534 996 et
549 935 696 996 candente
711 934 813 997 favilla
827 956 835 1010 ;

63 1018 246 1102 Attollitque
261 1020 363 1101 globos
377 1021 572 1098 flammarum,
588 1026 619 1082 et
633 1019 733 1081 sidera
745 1020 869 1083 lambit:

63 1103 224 1166 Interdum
238 1106 374 1187 scopulos
389 1106 551 1186 avulsaque
567 1104 683 1167 viscera
696 1105 804 1167 montis

63 1188 165 1270 Erigit
180 1195 330 1268 eructans,
345 1190 567 1272 liquefactaque
583 1210 656 1251 saxa
670 1190 724 1251 sub
740 1209 829 1251 auras

64 1272 142 1335 Cum
157 1275 271 1355 gemitu
286 1275 442 1356 glomerat,
457 1275 609 1357 fimdoque
625 1281 781 1336 exaestuat
795 1274 864 1336 imo.

62 1357 159 1421 Fama
174 1365 230 1438 est,
246 1359 392 1422 Enceladi
406 1360 579 1422 semiustum
593 1358 716 1422 fulmine
732 1380 839 1442 corpus

62 1442 178 1524 Urgeri
191 1446 268 1506 mole
283 1445 351 1523 hae,
366 1445 578 1527 ingentemque
593 1444 714 1528 insuper
728 1443 862 1507 Aetnam

62 1527 239 1610 Impositam
251 1530 347 1612 ruptis
360 1530 509 1593 flammam
523 1529 674 1613 exspirare
690 1530 813 1593 caminis
826 1550 835 1606 ;
1059 1552 1107 1600 oso

63 1612 117 1691 Et,
132 1613 245 1677 fessum
259 1616 375 1696 quoties
388 1621 486 1677 mutet
499 1616 590 1694 latus,
604 1615 765 1678 intremere
780 1637 898 1680 omnem

63 1697 221 1762 Murmure
236 1699 431 1779 Tnnacriam,
447 1706 478 1762 et
493 1702 609 1763 coelum
623 1701 782 1763 subtexere
797 1701 891 1764 fumo.

63 1867 269 1947 Perferimus;
290 1891 359 1950 neo,
372 1892 449 1954 quae
465 1871 593 1934 sonitum
608 1871 661 1933 det
675 1892 776 1950 causa,
793 1872 948 1934 videmus:

63 1953 147 2016 Nam
160 1976 258 2038 neque
274 1963 360 2018 erant
374 1963 521 2019 astrorum
535 1957 633 2039 ignes,
648 1977 704 2019 neo
720 1957 838 2022 lucidus
853 1957 959 2020 aethra
1059 1978 1071 2003 f

65 2037 192 2103 Siderea
205 2041 290 2124 polus
303 2061 311 2117 ;
334 2042 459 2104 obscuro
473 2041 528 2104 sed
542 2042 645 2104 nubila
660 2043 742 2104 coelo
755 2061 763 2118 3

63 2125 106 2186 Et
120 2125 224 2188 lunam
238 2126 269 2188 in
282 2127 381 2189 nimbo
395 2147 454 2190 nox
468 2127 647 2210 intempesta
662 2127 794 2189 tenebat.

106 2210 234 2273 Postera
241 2212 364 2295 jamque
380 2211 444 2274 dies
459 2213 553 2295 primo
567 2211 710 2294 surgebat
725 2212 799 2291 Eoo,

62 2295 307 2379 Humentemque
323 2296 444 2360 Aurora
458 2298 524 2381 polo
537 2298 701 2360 dimoverat
715 2299 871 2360 umbram:

63 2380 165 2454 Quum
180 2382 276 2444 subito
292 2403 308 2444 e
324 2383 416 2461 silvis,
431 2383 526 2444 macie
542 2383 678 2446 confecta
693 2403 843 2465 suprema,

62 2466 165 2548 Ignoti
179 2487 257 2529 nova
270 2467 366 2530 forma
380 2467 447 2546 viri,
462 2468 690 2550 miserandaque
706 2469 801 2545 cultu,

62 2551 215 2630 Procedit,
231 2554 413 2636 supplexque
428 2572 534 2615 manus
549 2553 588 2615 ad
602 2553 689 2615 litora
704 2552 810 2614 tendit.

62 2637 261 2719 Respicimus.
307 2638 383 2700 Dira
395 2639 522 2716 illuvies,
537 2637 726 2720 immissaque
742 2638 846 2715 barba,

64 2720 243 2784 Consertum
257 2728 399 2805 tegumen
413 2723 526 2805 spinis:
552 2730 584 2786 at
599 2731 723 2785 caetera
738 2721 859 2800 Graius,

62 2805 109 2869 Ut
123 2807 273 2889 quondam
287 2808 390 2890 patriis
406 2808 444 2870 ad
460 2808 579 2891 Ihojam
593 2809 699 2870 missus
714 2808 746 2870 in
762 2808 862 2870 armis.

62 2892 155 2973 Isque
170 2893 221 2953 ubi
236 2891 403 2956 Dardanios
416 2894 536 2956 habitus
551 2900 582 2956 et
597 2892 687 2956 Troia
701 2893 775 2956 vidit

61 2975 160 3039 Arma
173 2978 296 3059 procul:
320 2979 453 3062 paullum
472 2979 619 3063 adspectu
638 2979 816 3041 conterritus
829 2974 937 3053 haesit,

64 3060 277 3143 Continuitque
293 3064 419 3146 gradum
433 3083 440 3139 3
463 3085 532 3125 mox
546 3084 611 3126 sese
627 3064 667 3125 ad
680 3065 769 3125 litora
783 3081 929 3144 praeceps

64 3146 141 3208 Cum
155 3148 228 3208 fletu
242 3149 439 3230 precibusque
455 3149 543 3210 tulit:
569 3148 630 3210 Per
646 3148 744 3210 sidera
760 3153 863 3225 testor,

62 3231 124 3293 Per
138 3253 272 3314 superos,
287 3241 377 3316 atque
392 3235 448 3296 hoc
464 3233 538 3295 coeli
553 3233 691 3315 spirabile
704 3234 816 3310 lumen,

62 3317 169 3379 Tollite
184 3337 243 3395 me,
259 3317 367 3382 Teucri
380 3338 389 3394 ;
412 3339 614 3401 quascumque
631 3317 770 3381 abducite
786 3324 881 3379 terras
895 3336 904 3392 ;

61 3402 130 3465 Hoc
146 3408 193 3464 sat
208 3402 275 3465 erit.
322 3402 390 3467 Scio
405 3424 452 3465 me
468 3403 582 3465 Danais
597 3424 613 3464 e
630 3403 772 3466 classibus
787 3423 891 3478 uuum,

62 3487 104 3548 Et
117 3489 196 3549 bello
211 3487 318 3550 Ihaoos
333 3489 430 3551 fateor
444 3488 565 3570 petiisse
582 3488 722 3550 Penates.

62 3572 123 3634 Pro
139 3593 209 3654 quo,
224 3572 250 3634 si
264 3575 384 3636 sceleris
400 3579 485 3635 tauta
499 3580 545 3634 est
559 3572 668 3656 injuria
682 3572 785 3650 nostri,

64 3656 204 3739 Spargite
219 3679 267 3720 me
282 3659 314 3720 iu
327 3661 447 3737 fluctus,
462 3665 606 3740 vastoque
624 3658 790 3739 immergite
808 3661 909 3738 ponto.

64 3740 98 3805 Si
112 3764 214 3826 pereo,
229 3744 380 3806 hominum
393 3744 529 3806 manibus
545 3744 668 3827 periisse
681 3741 809 3826 juvabit.
