2452 4320
84 293 126 357 44
427 309 615 354 armornm
638 306 782 354 nasonis

127 463 230 543 Nunc,
246 485 305 546 quo
320 484 469 547 quamque
484 463 570 525 medo
586 461 678 544 possis
695 483 886 544 cognoscere,
903 461 1011 525 dicam.

84 549 168 698 lpara
183 551 222 611 sit
236 571 274 611 an
289 572 381 633 supra
395 572 507 612 morem
522 571 547 611 si
539 549 655 610 'densa
670 549 823 630 requires:

116 638 126 698 l
128 643 194 698 tera
208 636 365 698 frumentis
383 635 521 734 qnoniam
537 623 619 696 favet
622 635 688 712 ,tal
676 641 742 696 tera
755 634 889 713 Baccho,

85 721 188 783 Densa
202 722 298 803 magis
315 722 470 799 Cereri,
445 722 595 782 rarissima
610 741 746 802 quaeque
762 719 883 804 Lyaeo·

84 808 168 869 Ante
184 775 282 868 leonii]
297 809 396 888 capies
414 808 518 885 oculis,
534 808 653 888 alteque
662 806 782 889 jubebis

85 892 123 954 ln
139 893 230 954 solide
247 901 369 975 puteum
385 893 512 970 demitti,
528 913 703 975 omnemque
719 914 845 974 repones

85 978 201 1040 Rursus
216 979 350 1058 harnam,
367 979 537 1061 etpedibus
553 999 682 1040 summas
699 978 841 1059 aequabis
857 999 973 1041 arenas.

88 1063 120 1128 si
133 1065 271 1143 deerunt,
287 1087 389 1126 rarum
403 1065 562 1146 pecorique
578 1070 610 1125 et
625 1064 733 1125 ritibus
749 1065 832 1126 almis

83 1148 198 1234 Aptius
213 1151 287 1212 uber
303 1151 378 1225 erit3
402 1151 448 1213 sin
462 1151 493 1212 in
508 1172 562 1212 sua
577 1170 663 1232 posse
678 1150 833 1231 negabunt

86 1235 136 1298 Ire
151 1237 228 1315 loca,
244 1244 275 1299 et
290 1237 443 1298 scrobibus
459 1236 612 1318 superabit
626 1241 708 1297 terra
722 1236 855 1318 repletis,

88 1321 207 1405 Spissus
224 1343 316 1405 ager3
340 1323 443 1402 glebas
458 1328 634 1384 cunctantes
650 1341 810 1403 crassaque
825 1328 912 1403 terga

86 1409 248 1490 Exspecta,
265 1416 296 1470 et
310 1407 416 1470 validis
431 1414 543 1469 terram
558 1407 714 1489 proscinde
724 1408 874 1491 juvencis.

88 1493 174 1556 Salsa
189 1502 290 1555 autem
305 1495 404 1572 tellus,
420 1500 452 1556 et
466 1515 544 1576 quae
559 1493 733 1576 perhibetur
748 1514 860 1573 amara,

85 1580 235 1662 Frugibus
249 1580 401 1641 infelix-
415 1600 451 1641 ea
466 1600 522 1641 nec
537 1579 719 1641 mansuescit
733 1579 856 1658 arande,

86 1665 117 1727 N
120 1686 153 1726 ee
169 1666 289 1728 Baccho
305 1685 410 1747 genus,
426 1672 480 1727 aut
494 1665 587 1747 pomis
603 1686 658 1727 sua
671 1666 791 1727 nomina
806 1672 959 1728 servat-
1079 1685 1126 1733 240

87 1751 159 1814 Tale
175 1751 257 1813 dabit
272 1751 440 1834 specimen:
465 1758 499 1813 tu
514 1752 607 1833 spisso
623 1751 730 1812 vimine
747 1753 862 1833 qualos,

88 1837 219 1920 Colaque
236 1839 405 1920 praclarum
420 1838 541 1899 fumosis
557 1836 659 1918 deripe
676 1837 763 1898 tectis
777 1857 785 1912 ;

87 1923 157 1985 Huc
173 1944 246 2005 agor
261 1923 310 1985 ille
326 1924 421 1985 malus
437 1923 599 2005 (falcesque
616 1945 634 1984 a
649 1923 779 1984 fontibus
794 1922 892 1986 undae

86 2009 138 2070 Ad
154 2011 273 2091 plenum
289 2009 460 2071 calcentur:
485 2024 563 2091 aqna
579 2009 758 2070 eluctabitur
773 2009 865 2072 omnis
910 2006 914 2013 ’

89 2094 220 2172 Scilicet,
236 2103 267 2157 et
282 2096 410 2175 grandes
427 2096 512 2157 ibunt
528 2117 582 2177 per
600 2095 706 2156 rirniua
722 2100 847 2174 guttam

87 2180 132 2242 he
146 2203 234 2263 sapor
248 2182 389 2242 indicium
406 2183 507 2258 faciet,
523 2181 695 2242 manifestus
712 2187 743 2241 ot
757 2202 809 2242 ora

87 2267 196 2328 Tristia
212 2273 380 2329 tentanturn
396 2289 485 2329 sensa
500 2267 649 2348 torquebit
665 2287 790 2327 amarer.

87 2351 211 2434 Pinguis
228 2353 299 2415 item
315 2374 391 2435 quae
407 2354 445 2415 sit
460 2354 559 2430 tellus,
575 2353 630 2414 hoe
647 2352 774 2433 deniquo
791 2359 879 2434 pacto

87 2438 255 2501 lliseirnus:
278 2439 359 2501 haud
375 2462 506 2522 unquam
521 2439 655 2500 manibus
667 2439 783 2519 jactata
799 2439 921 2516 fatiscit,

89 2522 151 2587 Sed
166 2525 239 2608 picis
255 2527 285 2587 in
300 2548 412 2587 rnorem
428 2526 466 2587 ad
482 2525 590 2606 digitos
606 2524 746 2585 lentescit
761 2524 927 2605 habendoa·
1082 2545 1128 2596 250

88 2610 222 2687 Humida
236 2613 364 2691 majores
379 2612 487 2673 herlus
504 2612 566 2688 alit,
582 2612 705 2692 ipsaque
716 2611 799 2691 justo

88 2695 219 2758 Laetior.
264 2698 316 2759 nh
332 2698 453 2758 nimium
468 2719 506 2758 no
523 2697 560 2757 sit
575 2695 646 2756 ruihi
662 2697 767 2757 fertilis
782 2696 844 2774 illa,

88 2781 159 2843 Neu
174 2804 205 2844 so
223 2783 424 2865 praevalidam
439 2783 539 2864 primis
556 2781 693 2843 ostendat
709 2782 824 2846 aristis!

89 2867 173 2940 Quae
190 2869 288 2949 gravis
305 2874 361 2946 est,
377 2868 441 2949 ipso
458 2868 577 2929 tacitam
595 2889 626 2929 se
643 2867 774 2950 pondere
790 2868 900 2950 prodit,
1131 2931 1134 2937 ,

89 2953 232 3036 (lataeque
248 2955 331 3015 levia.
378 2953 533 3015 Prernturn
550 2960 595 3015 est
611 2953 702 3014 oeulis
718 2954 907 3035 praediscere
924 2951 1052 3036 nigram,
1083 2974 1130 3021 255

89 3040 129 3101 lu
145 3042 209 3122 qais
226 3042 274 3102 cui
290 3041 378 3102 color
424 3039 470 3101 At
485 3041 662 3102 sceleratum
679 3040 836 3121 exquirere
852 3040 947 3121 frigus

88 3127 214 3187 Difficile
231 3133 294 3187 est:
320 3127 421 3208 piceae
439 3134 555 3188 tanturn
572 3126 691 3206 taxique
708 3134 850 3187 nocentes

88 3212 256 3285 Interdum,
273 3220 323 3273 aut
339 3213 468 3273 hederae
486 3211 621 3294 paralunt
639 3212 764 3291 vestigia
779 3213 895 3288 nigrae.

132 3297 189 3357 llis
205 3298 281 3357 anirn
272 3297 399 3358 ιιιιιιιιιι’
380 3320 427 3365 ιιιιι
445 3297 514 3359 ιιι“ιιι
517 3320 555 3358 ιιιι
571 3299 730 3358 urultet
680 3308 730 3357 ιι
733 3320 748 3357 ι
764 3303 913 3358 memento

89 3383 276 3459 ltacoquere,
294 3392 359 3443 aar
339 3406 462 3453 ιιιιιιιιιιι
478 3406 562 3444 serti·
546 3385 680 3444 tiliaco
684 3383 802 3444 acidere
793 3390 946 3462 maestes,
1082 3403 1130 3453 ιιι)

87 3470 169 3530 Ante
142 3470 304 3551 tsupinat
308 3491 339 3530 as
355 3447 586 3551 iiprirhnioster
547 3469 693 3530 tralore
687 3469 800 3549 ¹··olbas,

89 3553 185 3627 Quarn
200 3557 311 3617 laetum
327 3554 452 3617 infodias
470 3556 536 3617 ritis
552 3576 666 3635 genus;
690 3555 799 3637 optima
815 3556 894 3638 put-ri

88 3640 174 3702 Arra
190 3642 268 3703 solo:
294 3641 324 3703 id
341 3642 420 3703 renti
438 3650 555 3720 curant,
572 3642 748 3722 gelidaeque
766 3642 901 3724 pruinae,

90 3726 130 3786 Et
144 3727 292 3789 labefacta
308 3750 429 3789 movens
445 3729 705 3807 1·‹t›aoa.<jugera
720 3729 826 3801 dieser,

91 3811 143 3892 ht,
160 3811 184 3873 si
200 3835 272 3894 qum
288 3813 368 3875 haud
385 3817 444 3876 ulla
462 3815 537 3875 rire«¹
555 3813 708 3893 uigilantia
723 3814 818 3894 tagit:
