2496 4334
79 308 82 313 ⁴
125 307 166 370 26
461 321 490 366 r.
515 320 658 366 vraomu
680 319 826 367 Mlucius

124 477 292 540 Auctorem
306 476 428 558 frugum
440 480 714 558 tempestatumque
730 481 883 560 potentem

125 564 278 645 Accipiat,
294 562 417 644 cingens
432 567 568 624 materna
583 569 719 644 tempora
733 569 832 646 myrto
847 583 854 638 ;

125 649 178 712 An
194 650 268 711 deus
282 648 419 710 immensi
433 647 536 709 venias
550 647 652 726 maris,
668 669 703 709 ao
725 653 778 710 tua
799 653 910 710 nautae

126 735 260 798 Numina
275 735 338 795 sola
352 735 461 811 colant,
479 733 532 795 tibi
547 733 659 795 serviat
673 734 779 796 ultima
793 733 901 812 Thule,

126 821 229 903 Teque
245 820 302 882 sibi
317 841 461 902 generum
477 819 591 901 Tethys
607 825 687 880 emat
702 820 836 881 omnibus
851 819 961 897 undis3

125 906 216 969 Anne
232 927 342 967 novum
356 905 450 966 tardis
467 905 548 966 sidus
564 910 594 965 te
611 905 762 967 mensibus
779 905 883 984 addas,

127 991 194 1065 Qua
208 992 291 1054 locus
307 991 459 1072 Erigonen
474 991 553 1052 inter
570 989 739 1073 Chelasque
755 999 915 1073 sequentes

127 1077 293 1140 Panditur:
317 1077 380 1159 ipse
396 1077 449 1138 tibi
459 1077 523 1157 jam
538 1076 662 1137 brachia
677 1078 827 1138 contrahit
841 1077 951 1141 ardens

78 1179 84 1190 ·
128 1162 277 1246 Scorpios,
295 1169 326 1224 et
341 1163 417 1224 coeli
427 1164 510 1243 justa
525 1163 592 1243 plus
608 1168 693 1244 parte
714 1163 866 1244 relinquit.

127 1247 280 1332 Quidquid
296 1249 365 1326 eris,
375 1285 419 1294 —
430 1270 500 1309 uam
514 1255 544 1308 te
559 1269 615 1309 nec
632 1255 754 1329 sperent
769 1248 897 1311 Tartara
911 1271 1027 1333 regem,

126 1334 194 1397 Nec
210 1335 264 1400 tibi
280 1334 428 1416 regnandi
442 1333 543 1395 veniat
558 1340 621 1394 tam
637 1333 702 1396 dira
721 1335 828 1416 cupido
837 1355 846 1410 ;

81 1429 99 1489 ’ζ
123 1420 270 1493 Qiramvis
286 1420 404 1503 Elysios
419 1420 545 1481 miretur
561 1417 691 1482 Graecia
705 1441 836 1503 campos,

107 1554 109 1559 .
127 1506 195 1568 Nec
210 1507 340 1605 pepetita
354 1505 439 1588 sequi
455 1511 541 1567 curet
556 1505 736 1589 Proserpina
750 1513 927 1568 matrem-

71 1614 75 1677 ζ
126 1591 177 1654 Da
191 1567 310 1654 lacrlem
326 1604 456 1669 cursum,
474 1597 564 1674 atque
580 1591 744 1654 audacibus
759 1592 858 1654 adnuo
875 1593 999 1674 coeptis,

127 1678 313 1761 Ignarosque
329 1677 395 1740 viae
410 1698 529 1739 mecum
543 1677 701 1740 miseratus
722 1684 869 1759 agrestes,

127 1763 305 1845 Ingredere,
322 1769 353 1825 et
368 1764 443 1825 votis
455 1764 519 1843 ,jam
534 1768 614 1825 nunc
631 1764 774 1825 adsuesce
791 1764 902 1826 uocari.

171 1849 254 1913 Vere
269 1871 356 1923 novo,
373 1850 488 1931 gelidus
505 1849 586 1910 canis
602 1871 691 1932 quum
711 1851 859 1912 montibus
875 1850 981 1912 humor

127 1935 285 2018 Liquitur,
295 1943 326 1997 et
341 1935 479 2018 Zephyro
494 1935 589 2018 putris
604 1956 636 1998 se
652 1936 741 2017 gleba
755 1936 888 2014 resolvit,

127 2021 279 2104 Depresso
293 2021 418 2103 incipiat
428 2022 492 2104 jam
507 2027 571 2082 tum
585 2021 658 2082 mihi
672 2029 777 2083 taurus
793 2029 894 2084 aratro

127 2107 301 2190 Ingemere,
317 2113 348 2168 et
363 2108 444 2169 sulco
461 2107 582 2169 attritus
598 2107 808 2190 splendescere
824 2129 937 2170 vomer.

128 2192 187 2256 Illa
195 2214 287 2340 seges
303 2193 424 2255 demum
440 2193 516 2256 votis
532 2193 694 2340 resgondet
709 2194 792 2256 avari

127 2278 243 2360 Agrico
255 2264 302 2357 ae,
317 2279 363 2340 bis
379 2299 457 2361 quae
473 2274 576 2357 solem,
611 2279 635 2340 is
651 2279 764 2362 frigora
779 2279 891 2354 sensit-;

128 2364 214 2428 Illius
229 2365 391 2426 immensae
406 2370 554 2447 ruperunt
568 2365 676 2426 horrea
690 2386 812 2428 messes.

76 2471 80 2478 ’
170 2450 217 2512 At
231 2451 325 2534 prius,
339 2450 476 2533 ignotum
489 2450 570 2526 ferro
585 2472 676 2533 quam
691 2451 852 2513 scindimus
869 2471 992 2533 aequor,

128 2535 245 2600 Ventos
261 2543 292 2599 et
307 2537 423 2599 varium
438 2536 515 2599 coeli
529 2537 720 2620 praediscere
736 2559 849 2600 morem

130 2620 212 2684 Cura
227 2623 276 2701 sit,
292 2643 327 2684 ae
343 2623 455 2706 patrios
471 2624 629 2705 cultusque
645 2623 824 2706 habitusque
840 2625 971 2685 locorum
984 2640 992 2696 ;

130 2707 171 2769 Et
187 2708 259 2791 quid
275 2729 412 2790 quaeque
427 2709 507 2770 ferat
521 2709 616 2790 regio,
633 2715 663 2770 et
679 2709 751 2791 quid
767 2730 904 2792 quaeque
921 2713 1053 2770 recuset.

130 2794 190 2855 Hic
206 2800 338 2875 segeteS,
354 2794 414 2855 illic
430 2794 555 2855 veniunt
569 2794 686 2856 felicius
701 2816 778 2856 uvae
793 2815 801 2870 ;

129 2879 261 2941 Arborei
275 2880 355 2941 fetus
371 2879 451 2957 alibi,
468 2885 558 2960 atque
574 2881 686 2962 injussa
698 2881 852 2942 virescunt

131 2964 287 3027 Gramina.
332 2964 442 3027 Nonne
458 2965 553 3043 videS,
570 2986 691 3029 croceos
706 2973 741 3028 ut
756 2967 876 3029 Tmolus
892 2965 1009 3043 odores,

130 3050 220 3112 India
233 3051 326 3113 mittit
341 3051 426 3128 ebur,
442 3052 545 3113 molles
562 3073 616 3113 sua
632 3058 701 3114 tura
720 3053 832 3115 Sabaei
846 3073 854 3127 ;

34 3189 39 3200 ,
62 3144 65 3150 ’
130 3136 176 3198 At
193 3136 342 3220 Chalybes
357 3137 430 3198 nudi
445 3138 569 3216 ferrum,
586 3137 743 3221 virosaque
759 3139 874 3201 Pontus

133 3222 287 3301 Castorea,
304 3223 444 3284 Eliadum
459 3224 573 3305 palmas
589 3223 697 3306 Epiros
713 3222 884 3306 equarum?

133 3307 281 3371 Continuo
295 3309 350 3370 has
364 3309 449 3390 leges
466 3314 648 3391 aeternaque
664 3310 787 3372 foedera
803 3310 892 3372 certis

130 3394 279 3478 Imposuit
292 3400 402 3457 natura
416 3395 499 3473 locist,
515 3415 574 3475 quo
590 3401 723 3477 tempore
739 3397 868 3479 primum

50 3512 53 3517 ·
131 3481 298 3543 Deucalion
313 3501 442 3542 vacuum
456 3480 571 3562 lapidos
582 3481 710 3564 jactarit
724 3483 757 3544 in
772 3482 885 3560 orbem,

131 3565 224 3628 Unde
239 3567 374 3629 homines
389 3567 463 3645 nati,
480 3566 588 3628 durum
604 3589 710 3649 genus.
756 3568 839 3650 Ergo
855 3588 923 3649 age,
940 3573 1039 3630 terrae

132 3652 250 3734 Pingue
267 3654 361 3715 solum
377 3652 478 3735 primis
494 3657 643 3736 extemplo
659 3674 677 3715 a
690 3654 842 3716 mensibus
858 3655 929 3715 anni
1012 3667 1024 3717 ¹.

111 3764 115 3775 ¹
132 3738 239 3800 Fortes
256 3739 408 3800 invertant
426 3739 515 3817 tauri,
533 3739 695 3821 glebasque
706 3740 844 3822 jacentes

133 3823 350 3886 Pulverulcnta
366 3826 614 3905 coqrmt'ruamris
630 3827 739 3885 solilms
757 3829 874 3888 aestas:
