2496 4334
456 301 616 349 susurros
642 299 780 348 mamo
1075 281 1138 346 241

98 457 183 521 Talia
196 477 252 539 per
267 456 407 540 clypeum
421 455 564 534 Vulcani,
580 456 659 518 dona
680 453 825 538 parentis,

97 543 239 620 Miratur,
255 563 415 624 rerumque
431 542 554 623 ignarus
569 541 697 623 imagine
713 540 838 622 gaudet,
1092 557 1140 606 ⁷30

86 628 249 690 'Attollens
263 628 388 711 humero
402 628 571 710 famamque
587 635 619 689 et
633 627 697 689 fata
710 633 893 723 nepotum.)

437 1045 809 1116 AENEIDOS

483 1225 595 1279 LIBER
613 1225 749 1279 NONUS.

97 1383 211 1454 Arosis
227 1405 264 1448 ea
278 1384 396 1447 diversa
410 1382 530 1464 ponitus
545 1381 616 1444 dum
630 1387 716 1465 parte
732 1388 890 1464 geruntur,

99 1470 173 1532 Irim
189 1471 227 1532 de
243 1471 325 1532 coelo
339 1469 419 1530 misit
432 1468 575 1530 Saturnia
585 1468 606 1531 J
608 1490 666 1530 uno

55 1630 61 1641 Ι
99 1554 258 1618 Audacem
272 1555 311 1617 ad
326 1555 470 1616 Turnum.
516 1553 598 1616 Luco
615 1560 678 1615 tum
693 1552 770 1615 forte
782 1552 914 1636 parentis

99 1639 229 1701 Pilumni
244 1640 363 1702 Turnus
379 1645 498 1702 sacrata
513 1639 589 1700 valle
605 1637 739 1700 sedebat.

98 1725 151 1787 Ad
166 1746 256 1807 quem
270 1725 312 1787 sic
328 1745 412 1788 roseo
428 1724 640 1786 Thaumantias
655 1744 706 1785 ore
721 1725 821 1785 locuta
836 1731 900 1786 est:

99 1810 211 1889 Turne,
227 1809 307 1892 quod
322 1810 436 1893 optanti
451 1810 553 1871 divum
568 1809 741 1891 promittere
761 1829 849 1871 nemo

97 1894 249 1974 Audemt,
259 1895 412 1958 »volvenda
427 1895 501 1972 dies,
517 1915 566 1971 en,
590 1895 690 1956 attulit
704 1895 793 1956 ultro.

98 1979 232 2059 Aeneas,
247 1981 321 2043 urbe
337 1986 368 2042 et
383 1980 469 2042 sociis
484 1986 515 2041 et
530 1982 624 2043 classe
647 1980 763 2055 relicta,

101 2063 229 2148 Sceptra
244 2065 374 2128 Palatini
388 2065 549 2147 sedemque
565 2065 641 2148 petit
657 2064 801 2126 Evandri.

83 2149 167 2224 ,Nec
184 2151 274 2213 satis:
300 2157 449 2213 extremas
465 2150 589 2233 Corythi
603 2151 773 2232 penetravit
787 2149 826 2212 ad
841 2150 942 2230 urbes,
1107 2171 1138 2220 10

99 2234 312 2318 Lydorumque
328 2257 448 2298 manum
463 2236 662 2318 collectosque
680 2243 777 2298 armat
797 2243 942 2319 agrestae.

100 2319 179 2391 Quid
195 2320 337 2383 dubitas?
382 2321 414 2382 N
417 2342 473 2383 unc
490 2328 606 2403 tempus
622 2342 724 2419 equos,
736 2342 815 2384 nunc
830 2343 953 2405 poscere
977 2342 1093 2386 currus.

98 2406 217 2488 Rumpe
232 2427 329 2469 moras
345 2427 446 2468 omnes
462 2412 493 2467 et
480 2408 627 2468 tturbata
642 2407 740 2488 arripe
755 2413 821 2468 cast
821 2428 865 2468 ra.

98 2490 241 2568 Dixit,et
210 2492 286 2552 etin
301 2493 418 2554 coelum
432 2491 553 2573 paribus
568 2512 600 2553 se
616 2498 680 2554 sust
668 2493 736 2553 tuht
751 2493 816 2570 ahs,

98 2539 318 2677 lugentemque
333 2577 408 2658 suga
422 2577 519 2638 secuit
507 2578 587 2638 tsub
603 2577 729 2638 nubibus
745 2597 1139 2644 arcum.15

97 2660 256 2742 Agnovit
221 2661 375 2745 tyuveuis‚
392 2662 586 2808 duplicesque
602 2662 641 2724 ad
656 2662 755 2724 sidera
768 2664 882 2745 palmas

100 2744 237 2824 Sustulit
214 2686 288 2809 tJac
304 2748 357 2808 tali
373 2748 433 2828 fug'
408 2752 488 2808 ment
490 2768 537 2808 em
552 2753 598 2810 est
609 2768 681 2809 voce
697 2755 836 2810 secutus·

98 2831 154 2908 Iri,
171 2794 262 2895 dechs
278 2833 363 2910 coeli,
379 2833 473 2963 quist
460 2833 573 2894 temihi
588 2833 780 2895 nuhihust
731 2840 780 2895 act
780 2855 828 2896 am

99 2916 161 2978 Det
163 2917 262 2978 ulitin
231 2921 398 2979 artemas,
392 2917 504 2979 lunde
519 2919 623 2980 haect
610 2924 671 2979 atm
687 2920 769 2980 clara
790 2925 914 3002 repente

99 3001 298 3084 Tempestas?
343 3002 479 3064 Medium
494 3003 581 3065 video
596 3003 750 3065 discedere
767 3006 893 3082 coelum,
1107 3025 1140 3074 20

104 3088 210 3149 Palant
197 3093 302 3186 tesque
318 3089 427 3170 polot
399 3111 413 3150 s
416 3089 511 3150 t.ellas
560 3087 677 3186 Sequor
690 3089 788 3150 omina
802 3096 898 3167 tanta,

100 3170 264 3254 Quisquis
257 3195 288 3234 ιιι
303 3194 386 3235 arma
400 3195 499 3236 vocas.
544 3173 586 3235 Et
573 3174 642 3236 tsic
658 3174 728 3235 effat
717 3180 764 3236 tus
780 3174 818 3236 ad
833 3137 948 3237 undam

101 3258 254 3320 Processit
241 3263 452 3341 ιιιιιιιοιιιιι
474 3259 584 3321 hausit
588 3259 638 3341 de
642 3259 761 3343 gurgite
775 3260 924 3358 lymphas,

98 3341 180 3404 Mult
169 3349 200 3404 ta
215 3305 285 3406 deds
300 3365 399 3422 orans,
414 3345 549 3406 oneravit
551 3350 638 3442 que
621 3351 674 3418 aet
661 3345 820 3406 tthera
768 3352 855 3409 votis.

144 3427 274 3510 Jamque
290 3430 383 3491 omnis
399 3429 511 3576 campis
526 3421 674 3492 exercitus
688 3430 751 3492 ibat
739 3436 848 3529 tapert
849 3431 885 3510 is,
955 3464 957 3466 ·
1107 3448 1139 3495 25

99 3512 193 3574 Dives
215 3534 381 3612 equum,1
351 3515 476 3576 dives
449 3520 511 3596 pitc
512 3516 540 3575 ιι
554 3535 607 3576 ves
609 3515 646 3576 tis
662 3522 692 3577 et
707 3517 790 3577 auri:
802 3551 844 3564 -
934 3536 937 3540 ·

99 3596 258 3680 Messapus
281 3601 390 3698 primas
407 3601 486 3661 acics
490 3606 579 3680 ‚post
580 3621 662 3661 rema
677 3602 818 3662 coercent

99 3682 290 3760 Tyrrhidae
277 3706 424 3767 Juvencs;
446 3685 543 3746 medio
559 3685 619 3746 dux
635 3686 752 3767 agmine
768 3686 887 3748 Turnus

102 3767 260 3850 [Vertitur
275 3791 358 3833 arma
373 3777 489 3916 teneqq,
505 3776 536 3832 et
551 3776 613 3832 toto
629 3772 741 3832 vertice
757 3791 848 3853 supra
863 3770 943 3855 est:]
956 3807 1000 3818 -
