2496 4334
455 271 637 319 onoaorcon
659 271 724 317 ma.
748 271 801 317 111.
1105 252 1146 317 65

107 428 250 492 Discissos
265 427 353 491 nudis
367 426 521 490 laniabant
537 426 675 490 dentibus
688 432 782 488 artus.

104 513 184 577 Ecce
200 520 303 578 autem
318 514 393 576 duro
408 513 525 576 fumans
541 513 596 576 sub
610 533 730 576 vomere
746 519 850 575 taurus
1099 533 1146 595 5J⁵

104 598 252 679 Concidit,
268 606 300 662 et
314 599 441 662 mixtum
456 599 568 682 spumis
582 598 675 661 vomit
689 619 740 660 ore
756 618 903 678 cruorem,

101 685 322 769 Extremosque
338 685 399 748 ciet
413 685 552 767 gemitus.
597 685 630 747 It
643 684 736 746 tristis
751 690 862 762 arator,

100 770 291 834 Moerentem
306 771 472 855 abjungens
487 771 621 833 fraterna
635 777 730 832 morte
740 770 916 853 juvencum,

99 856 205 939 Atque
220 879 311 940 opere
325 857 357 919 in
370 856 468 919 medio
484 856 582 919 defixa
596 856 738 939 relinquit
753 862 864 918 aratra.

99 943 131 1003 N
132 965 172 1004 on
187 944 312 1006 umbrae
327 943 456 1005 altorum
469 963 635 1020 nemorum,
650 963 710 1004 non
723 942 824 1004 mollia
838 944 962 1024 possunt

99 1027 195 1090 Prata
209 1049 330 1091 movere
345 1028 487 1107 animum,
502 1050 573 1106 non,
590 1028 642 1111 qui
656 1049 711 1111 per
726 1048 798 1090 saxa
813 1028 930 1089 volutus
1007 1078 1012 1086 .

100 1113 211 1176 Purior
226 1115 338 1177 electro
353 1135 491 1197 campum
505 1113 710 1208 petit‚amnis;
734 1120 766 1176 at
780 1113 840 1189 ima

101 1198 268 1262 Solvuntur
281 1201 389 1279 latera,
404 1206 494 1282 atque
511 1200 611 1263 oculos
623 1205 726 1281 stupor
740 1204 829 1279 urget
844 1198 967 1276 inertes,

99 1284 154 1346 Ad
170 1291 341 1369 terramque
357 1285 424 1348 fluit
438 1285 552 1348 devexo
566 1284 698 1368 pondere
715 1285 826 1346 cervix.

101 1369 183 1444 Quid
198 1372 282 1434 labor
296 1377 349 1435 aut
362 1371 523 1434 benefacta
532 1369 669 1455 juvant?
692 1369 765 1452 quid
780 1391 898 1432 vomere
914 1376 1011 1432 terras
1132 1387 1143 1399 ·

100 1455 266 1520 Invertisse
282 1457 416 1541 graves?
440 1457 524 1539 atqui
538 1478 598 1519 non
613 1456 744 1518 Massica
759 1455 873 1518 Bacchi

100 1542 244 1622 Munera,
259 1565 317 1606 non
332 1543 511 1626 illisepulae
527 1563 657 1605 nocuere
672 1547 809 1625 repostae
824 1561 832 1617 3

100 1628 271 1693 Frondibus
285 1636 317 1692 et
332 1627 415 1692 victu
429 1635 595 1711 pascuntur
609 1627 749 1710 simplicis
764 1627 874 1690 herbae
888 1646 897 1703 ;

100 1713 218 1777 Pocula
231 1721 303 1778 sunt
316 1716 413 1778 fontes
427 1714 543 1797 liquidi,
560 1720 650 1796 atque
666 1713 799 1776 exercita
815 1735 905 1776 cursu

100 1799 260 1875 Flumina3
282 1822 338 1864 nec
354 1822 470 1864 somnos
487 1801 637 1883 abrumpit
653 1821 727 1862 cura
741 1799 885 1862 salubres.

100 1885 249 1969 Tempore
263 1909 323 1949 non
338 1888 396 1950 alio
411 1887 515 1950 dicunt
529 1887 699 1969 regionibus
713 1885 770 1948 illis

101 1971 263 2044 Quaesitae
277 1973 316 2036 ad
332 1994 419 2036 sacra
432 1973 523 2035 boves
537 1971 559 2035 J
561 1972 676 2051 unonis,
693 1978 725 2034 et
738 1971 801 2035 uris

99 2057 270 2141 Imparibus
285 2059 391 2122 ductos
407 2060 467 2121 alta
482 2059 520 2121 ad
536 2058 659 2121 donaria
674 2078 790 2121 currus.

98 2143 185 2226 Ergo
200 2165 291 2226 aegre
305 2144 409 2207 rastris
424 2152 536 2207 terram
550 2145 708 2223 rimantur,
724 2150 755 2206 et
770 2142 840 2226 ipsis

98 2228 262 2312 Unguibus
275 2230 424 2293 infodiunt
437 2232 551 2313 fruges,
566 2237 742 2312 montesque
757 2250 812 2313 per
821 2230 902 2292 ‚altos

100 2315 251 2378 Contenta
265 2317 382 2380 cervice
398 2317 520 2379 trahunt
535 2316 693 2379 stridentia
707 2317 851 2399 plaustra.

98 2401 131 2463 N
132 2423 171 2463 on
187 2403 275 2485 lupus
289 2403 410 2465 insidias
426 2404 560 2486 explorat
574 2403 663 2465 ovilia
677 2403 801 2479 circum,

98 2487 168 2550 Nec
185 2489 326 2570 gregibus
341 2495 504 2552 nocturnus
521 2489 711 2564 obambulat3
734 2488 831 2550 acrior
845 2486 929 2547 illum

100 2572 184 2636 Oura
198 2573 298 2637 domat
312 2595 320 2650 ;
344 2575 440 2636 timidi
455 2575 560 2637 damae
577 2575 718 2657 cervique
733 2574 857 2655 fugaces

100 2659 193 2722 Nunc
207 2660 346 2743 interque
362 2681 451 2723 canes
465 2666 497 2722 et
511 2642 626 2723 iheum
641 2666 724 2722 tecta
737 2665 896 2741 vagantur.
1097 2672 1144 2720 540
1179 2734 1207 2742 ...
1222 2731 1231 2736 ..

97 2744 119 2807 J
121 2767 171 2807 am
187 2746 277 2808 maris
292 2747 427 2808 immensi
442 2747 566 2830 prolem,
582 2753 614 2809 et
628 2767 723 2828 genus
738 2766 823 2807 omne
838 2748 1006 2821 natantum,
1055 2739 1147 2752 ‘ff

99 2830 202 2894 Litore
218 2831 250 2893 in
265 2839 409 2912 extremo,
425 2853 482 2894 oeu
495 2833 644 2914 naufraga
659 2852 793 2914 corpora,
808 2832 918 2893 fluctus

100 2916 218 2980 Proluit
230 2939 237 2993 ;
259 2918 393 2980 insolitae
408 2918 529 3000 fugiunt
543 2918 575 2979 in
588 2919 709 2980 flumina
724 2918 847 3000 phocae.

100 3003 211 3066 Interit
226 3009 257 3065 et
272 3004 371 3066 curvis
385 3004 499 3066 frustra
513 3002 638 3066 defensa
651 3003 774 3066 latebris

100 3088 227 3172 Vipera,
243 3097 274 3152 et
286 3090 404 3151 attoniti
419 3090 549 3173 squamis
565 3089 751 3170 adstantibus
767 3087 866 3172 hydri.
1096 3103 1144 3149 545

100 3174 177 3258 Ipsis
193 3181 240 3237 est
255 3197 307 3237 aer
322 3175 426 3238 avibus
441 3197 500 3238 non
515 3196 640 3257 aequus,
656 3182 687 3237 et
701 3175 770 3236 illae

102 3261 289 3344 Praecipites
305 3262 366 3323 alta
379 3261 471 3323 vitam
486 3261 541 3323 sub
556 3261 635 3323 nube
650 3262 833 3344 relinquunt.

100 3347 266 3410 Praeterea
276 3348 340 3430 jam
355 3368 411 3409 nec
425 3347 535 3409 mutari
550 3346 661 3429 pabula
675 3348 779 3425 refert,

101 3432 323 3516 Quaesitaeque
338 3440 448 3495 nocent
463 3439 563 3508 artes3
587 3454 703 3496 cessere
718 3433 864 3515 magistri,

100 3519 283 3602 Phillyrides
300 3518 423 3597 Chiron,
437 3518 719 3602 Amythaoniusque
735 3520 915 3602 Melampus.
1098 3536 1144 3583 550

101 3604 216 3683 Saevit,
231 3611 274 3682 et,
290 3605 321 3666 in
335 3605 434 3667 lucem
451 3603 565 3687 Stygiis
581 3606 688 3667 emissa
703 3605 844 3683 tenebris,

99 3691 219 3754 Pallida
233 3691 394 3774 Tisiphone
410 3690 531 3753 Morbos
543 3691 607 3773 agit
622 3698 691 3753 ante
707 3691 898 3772 Metumque,

97 3777 196 3862 Inque
214 3777 279 3839 dies
294 3777 415 3865 avidum
429 3798 555 3892 squens
571 3783 663 3860 caput
679 3777 768 3839 altius
784 3776 879 3838 effert.

1059 489 1149 502 ...-·-··-·-
1168 488 1172 493 .
1191 482 1206 488 ·*
