2496 4334
457 287 617 334 auumoos
640 289 706 334 LIB.
731 289 777 335 VI.
868 251 872 264 Ι

82 438 249 504 Coelicolae
265 441 394 504 valeant.
442 439 510 504 Stat
523 441 623 504 ferrea
637 439 728 502 turris
744 440 782 503 ad
797 461 885 505 auras
899 462 907 518 ;

81 525 300 609 Tisiphoneque
315 526 434 604 sedens,
449 527 529 608 palla
543 525 697 588 succincta
713 533 848 603 cruenta,
1075 545 1122 592 555

80 610 273 674 Vestibulum
288 610 433 673 exsomnis
448 616 549 673 servat
562 617 725 691 noctesque
741 611 875 693 diesque.

81 695 163 758 Hinc
179 695 314 758 exaudiri
329 695 456 777 gemitus
472 702 503 757 et
515 715 605 757 saeva
620 716 724 757 sonare

82 779 242 856 Verbera3
265 787 330 842 tum
345 780 454 842 stridor
467 780 541 841 ferri
556 785 732 861 tractaeque
747 786 883 842 catenae.

83 863 223 928 Constitit
237 865 371 940 Aeneas,
387 865 573 995 strepituque
589 865 749 926 exterritus
764 865 870 927 haesit.

82 948 167 1023 Quae
183 952 329 1012 scelerum
343 949 457 1011 facies.
483 971 500 1012 o
515 950 611 1031 virgo,
627 950 717 1011 effare
731 968 739 1024 ;
763 950 907 1031 quibusve

81 1033 259 1116 Urguentur
273 1035 375 1117 poenis
388 1033 401 1096 l
425 1033 476 1116 qui
491 1040 593 1096 tantus
608 1035 733 1116 plangor
748 1034 787 1095 ad
802 1032 916 1097 auras?

81 1118 158 1180 Tum
173 1126 257 1182 vates
272 1119 314 1182 sic
330 1140 397 1182 orsa
411 1119 512 1200 loqui.
536 1119 608 1180 Dux
621 1119 734 1200 inclyte
749 1117 911 1196 Teucrum,

81 1203 166 1265 Nulli
180 1205 226 1266 fas
241 1211 322 1267 casto
337 1203 538 1267 sceleratum
530 1204 666 1266 insistere
680 1204 792 1278 limen;

83 1286 144 1350 Sed
159 1310 206 1351 me
223 1310 315 1371 quum
328 1289 404 1351 lucis
419 1289 538 1351 Hecate
553 1288 698 1371 pracfecit
685 1249 854 1365 thueinis,

80 1372 153 1456 Ipsa
168 1373 257 1436 deum
270 1395 380 1455 poenas
393 1374 494 1436 docuit
481 1380 632 1456 t,perquc
647 1373 745 1435 omnia
760 1372 855 1434 duxit.

82 1457 211 1521 Gnosius
225 1458 300 1521 haec
316 1458 564 1521 Rhadamanthus
578 1458 679 1535 habet,
697 1457 854 1520 durissima
867 1475 973 1537 regna,

83 1541 278 1641 Castigatque
294 1543 437 1625 auditque
453 1544 545 1620 dolos,
561 1543 731 1624 subigitque
746 1544 791 1605 fat
778 1543 847 1620 teri,

82 1626 166 1700 Quae
182 1628 248 1711 quis
263 1627 342 1710 apud
358 1649 491 1711 superos,
505 1591 587 1689 fuito
601 1628 696 1689 lactat
683 1635 731 1689 tus
748 1627 841 1706 inani,

80 1711 226 1775 Distulit'
219 1734 251 1774 m
264 1733 362 1774 seram
377 1713 531 1775 commissa
545 1713 663 1795 piacula
676 1719 811 1775 mortem.

82 1797 229 1860 Continuo
244 1803 343 1860 sontes
359 1798 427 1859 ult’
391 1804 450 1859 trrx
465 1797 600 1860 accincta
614 1797 732 1878 flagello

81 1881 241 1965 Tisiphone
256 1882 353 1964 quatit
366 1882 523 1959 insultans,
538 1888 696 1964 torvosque
713 1881 833 1945 sinistra

81 1966 239 2030 Intentans
254 1986 379 2049 angues,
394 1973 482 2029 vocat
496 1967 615 2048 agmina
629 1987 720 2030 saeva
734 1987 877 2029 sororum.

81 2051 158 2114 Tum
173 2052 292 2114 demum
306 2052 458 2114 horrisono
473 2051 633 2114 stridentes
649 2052 771 2114 cardine
786 2071 890 2114 sacrae

81 2137 224 2200 Pandunt
211 2144 261 2198 tur
272 2143 386 2219 portae.
432 2136 548 2215 Cernis,
564 2137 699 2200 custodia
713 2136 809 2219 qualis

80 2221 239 2286 Vestibula
254 2221 359 2284 sedeat
371 2221 384 2284 l
406 2222 499 2285 facies
514 2243 591 2321 quae
606 2222 708 2285 limina
722 2219 847 2284 servet?

81 2305 305 2390 Quinquaginta
320 2314 351 2369 at
351 2308 392 2370 ris
407 2307 542 2370 immanis
556 2307 686 2370 hiatibus
700 2307 811 2390 Hydra

82 2389 228 2454 Saevior
220 2398 300 2454 mtus
314 2392 406 2454 habet
419 2392 543 2467 sedem3
565 2399 629 2453 tum
645 2391 810 2454 Tartarus
803 2411 866 2474 ipse

80 2477 133 2538 Bis
148 2483 234 2559 patet
248 2477 279 2538 in
293 2497 437 2559 praeceps
452 2484 518 2539 tant
518 2499 568 2538 um
571 2477 750 2558 ,tenditque
766 2477 820 2538 sub
836 2475 968 2553 umbras,

82 2560 183 2635 Quant
183 2581 218 2622 us
170 2561 273 2622 tad
288 2568 337 2624 aet
325 2562 453 2624 therium
468 2562 542 2624 coeli
557 2569 712 2643 suspectus
732 2559 904 2644 Olympum.

81 2645 141 2708 Hic
157 2666 253 2726 genus
268 2646 422 2728 antiquum
437 2646 560 2724 Terrae,
575 2647 693 2709 Titania
707 2645 811 2728 pubes,

80 2730 218 2793 Fulmine
234 2729 353 2812 dejecti,
368 2731 461 2793 fundo
475 2732 635 2793 volvuntur
649 2731 680 2792 in
694 2731 763 2793 imo.

80 2815 141 2878 Hic
157 2822 189 2877 et
203 2813 329 2877 Aloidas
344 2815 486 2896 geminos,
501 2816 641 2877 immania
654 2815 716 2877 vidi

82 2899 225 2982 Corpora,
241 2899 292 2982 qui
306 2900 440 2961 manibus
455 2921 597 2981 magnum
610 2899 780 2962 rescindere
796 2897 912 2961 coelum

80 2984 240 3066 Aggressi,
255 2984 429 3067 superisque
444 2984 467 3046 J
468 3006 553 3046 ovem
568 2983 728 3046 detrudere
749 2983 860 3064 regnis.
956 3046 958 3050 .

79 3068 153 3132 Vidi
169 3075 200 3130 et
215 3068 351 3131 crudeles
366 3069 488 3130 dautem
503 3068 661 3131 Salmonea
675 3088 798 3150 poenas,

81 3153 162 3215 Dum
175 3154 309 3215 flammas
322 3152 345 3214 J
346 3153 408 3215 ovis
423 3159 454 3215 et
468 3154 580 3215 sonitus
594 3153 728 3219 imitatur
743 3150 874 3234 Olympi.

81 3237 219 3310 Quatuor
232 3236 281 3299 hic
295 3237 432 3299 invectus
447 3239 532 3319 equis
547 3243 579 3299 11
592 3237 730 3319 lampada
745 3253 889 3318 quassans

80 3322 143 3384 Per
158 3320 283 3384 Graium
298 3323 421 3404 populos
435 3322 610 3403 mediaeque
625 3343 680 3403 per
696 3321 791 3384 Elidis
806 3321 911 3383 urbem

79 3407 151 3468 Ibat
165 3427 267 3484 ovans,
283 3405 444 3487 divumque
459 3406 515 3468 sibi
528 3405 671 3487 poscebat
685 3407 837 3483 honorem,

79 3489 233 3554 Demens!
257 3491 309 3572 qui
322 3491 482 3553 nimbost
451 3497 482 3552 et
495 3512 555 3553 nou
569 3491 633 3552 imit
634 3491 710 3552 abile
724 3491 838 3552 fulmen

79 3576 211 3638 Aeret
179 3596 196 3637 e
198 3575 419 3721 tcornipedum
433 3577 521 3657 pulsu
535 3576 689 3638 simularet
676 3582 858 3657 t.equorum

78 3660 125 3721 At
139 3666 227 3743 pater
241 3660 424 3743 omnipotens
440 3659 592 3722 densat
547 3667 592 3721 1111
593 3681 626 3722 11
640 3660 742 3722 nubila
752 3660 845 3729 telum

80 3745 254 3820 Contorsit;
276 3766 335 3807 uon
349 3745 399 3805 ille
414 3744 496 3890 fppes
511 3764 567 3807 nec
582 3744 684 3806 fumea
698 3742 794 3806 taedis
