2496 4334
126 240 189 305 114
469 257 497 302 P.
514 256 656 302 vmermr
677 257 822 305 nsaorus

125 408 248 489 Fecisti,
264 416 295 473 et
310 410 421 494 patrios
435 409 563 472 foedasti
577 409 683 472 funere
698 411 799 473 vultus

124 494 170 557 At
183 517 243 557 non
257 496 318 575 ille,
334 503 432 558 satum
447 516 505 577 quo
521 502 550 557 te
566 495 711 573 mentiris,
727 495 862 559 Achilles

126 579 206 642 Talis
220 581 252 642 in
265 582 350 644 hoste
364 581 423 643 fuit
437 580 557 642 Priamo
570 600 578 655 ;
602 580 655 642 sed
665 581 737 663 jura
750 581 900 662 fidemque

127 663 276 748 Supplicia
292 667 421 744 erubuit,
437 685 602 748 corpusque
619 686 770 746 exsangue
785 667 923 748 sepulcro

124 749 270 812 Reddidit
284 751 481 828 Hectoreum,
497 771 604 831 meque
619 750 650 812 in
665 771 732 813 mea
746 771 842 831 regna
856 751 978 814 remisit.

127 833 176 897 Sic
192 835 271 898 fatus
287 837 395 914 senior,
410 837 561 917 telumque
576 835 694 897 imbelle
710 836 772 897 sine
788 836 851 897 ictu

126 919 282 1003 Conjecit3
306 942 396 983 rauco
412 921 491 1002 quod
506 920 639 1002 protinus
655 941 725 982 aere
740 922 903 1003 repulsum,

124 1004 166 1066 Et
181 1026 293 1067 summo
309 1006 406 1089 clypei
420 1005 623 1087 nequidquam
637 1005 762 1067 umbone
777 1006 930 1088 pependit.

126 1089 183 1151 Oui
198 1090 354 1173 Pyrrhus:
379 1091 505 1152 Referes
521 1110 592 1171 ergo
606 1091 693 1168 haec,
709 1096 740 1151 et
754 1091 876 1152 nuntius
890 1091 947 1154 ibis

125 1174 248 1237 Pelidae
264 1176 410 1257 genitori:
433 1176 476 1237 illi
490 1196 557 1237 mea
571 1175 669 1236 tristia
683 1175 775 1252 facta,

30 1273 32 1277 ‘
124 1259 374 1342 Degeneremque
391 1260 620 1342 Neoptolemum
634 1280 759 1322 narrare
775 1267 935 1324 memento.

125 1344 215 1407 Nunc
230 1367 357 1407 morere.
402 1345 471 1407 Hoc
487 1345 601 1423 dicens,
617 1345 723 1407 altaria
738 1344 777 1406 ad
790 1345 856 1427 ipsa
871 1350 1050 1416 trementem

125 1429 240 1508 Traxit,
256 1437 288 1492 et
301 1431 332 1492 in
346 1432 439 1492 multo
454 1431 620 1511 lapsantem
635 1431 778 1512 sanguine
794 1431 868 1508 nati,

125 1513 336 1597 Implicuitque
352 1536 466 1577 comam
480 1517 577 1593 laeva,
593 1515 758 1596 dextraque
774 1535 930 1578 coruscum

125 1599 242 1661 Extulit
258 1621 293 1662 ac
310 1600 397 1662 lateri
412 1601 517 1682 capulo
533 1606 620 1662 tenus
635 1600 748 1662 abdidit
763 1621 875 1662 ensem.

125 1684 212 1746 Haec
227 1685 295 1746 finis
310 1685 422 1747 Priami
436 1685 586 1760 fatorum3
609 1685 656 1746 hio
673 1685 770 1746 exitus
785 1685 869 1746 illum

127 1767 214 1830 Sorte
230 1771 308 1848 tulit,
324 1770 443 1853 Trojam
457 1770 609 1833 incensam
624 1780 655 1831 et
669 1770 807 1851 prolapsa
821 1770 973 1833 videntem

125 1853 284 1936 Pergama,
301 1861 344 1916 tot
359 1855 508 1936 quondam
523 1855 638 1937 populis
653 1855 799 1936 terrisque
815 1856 976 1938 superbum

124 1939 328 2020 Regnatorem
341 1940 446 2002 Asiae.
490 1940 513 2001 J
515 1947 583 2002 acet
596 1941 702 2022 ingens
716 1941 802 2001 litore
817 1947 954 2018 truncus,

123 2023 332 2107 Avulsumque
346 2025 595 2107 humeriqeaput,
611 2031 642 2087 et
657 2025 719 2087 sine
735 2026 852 2087 nomine
868 2046 987 2109 corpus.

166 2109 212 2170 At
225 2131 272 2172 me
289 2117 352 2172 tum
367 2111 495 2192 primum
510 2131 617 2174 saevus
632 2111 828 2172 circumstetit
842 2111 957 2174 horror.
1022 2151 1025 2161 ι

126 2191 274 2277 Obstupui
288 2216 295 2270 ;
319 2196 407 2257 subiit
423 2195 485 2257 cari
500 2196 641 2276 genitoris
655 2195 764 2276 imago,

124 2277 168 2340 Ut
183 2301 285 2361 regem
301 2300 487 2362 aequaevum
502 2281 616 2342 crudeli
630 2281 754 2341 vulnere
770 2280 831 2342 vidi

124 2362 228 2426 Vitam
242 2365 429 2427 exhalantem
443 2386 450 2440 ;
474 2366 563 2427 subiit
578 2365 698 2427 deserta
714 2364 838 2444 Oreiisa,

124 2449 166 2510 Et
180 2450 297 2532 direpta
313 2451 427 2535 domus,
443 2458 474 2512 et
488 2451 573 2532 parvi
588 2472 675 2513 casus
690 2450 760 2511 Iuli.

123 2534 274 2616 Respicio,
290 2542 412 2618 atquae
428 2536 466 2598 sit
480 2557 527 2597 me
544 2536 656 2597 circum
672 2535 756 2617 copia
770 2536 874 2598 lustro.

123 2619 292 2683 Deseruere
308 2642 409 2683 omnes
425 2621 545 2698 defessi,
562 2627 592 2682 et
608 2642 731 2703 corpora
746 2622 825 2682 saltu

123 2703 175 2766 Ad
190 2711 301 2766 terram
316 2707 423 2768 misere
439 2713 491 2768 aut
505 2706 624 2786 ignibus
639 2727 732 2786 aegra
747 2705 868 2767 dedere.

164 2789 295 2871 Jamque
311 2791 386 2852 adeo
401 2812 491 2872 super
506 2811 582 2852 unus
598 2811 691 2867 eram,
708 2812 801 2872 quum
815 2789 917 2852 limina
932 2789 1047 2853 Vestae

124 2871 301 2936 Servantem
317 2880 348 2936 et
363 2877 484 2937 tacitam
499 2881 617 2936 secreta
631 2876 662 2936 in
677 2876 748 2937 sede
764 2876 907 2936 latentem

122 2958 295 3040 Tyndarida
310 2960 439 3042 adspicio
453 2981 461 3035 ;
485 2960 558 3021 dant
573 2961 654 3021 clara
669 2960 807 3022 incendia
821 2961 919 3021 lucem

123 3042 255 3121 Erranti,
271 3045 439 3128 passimque
454 3046 554 3107 oculos
569 3067 623 3126 per
638 3052 747 3107 cuneta
761 3046 880 3107 fcrenti.

122 3128 180 3191 Illa
194 3130 249 3191 sibi
263 3130 386 3192 infestos
402 3152 508 3194 eversa
522 3131 558 3191 ob
575 3130 724 3212 Pergama
740 3131 882 3208 Teucros,

122 3212 164 3274 Et
178 3234 288 3295 poenas
304 3215 454 3293 Danaum,
470 3223 501 3277 et
517 3215 627 3277 deserti
642 3217 775 3298 conjugis
790 3216 861 3293 iras,

122 3297 349 3377 Praemetuens,
365 3300 471 3382 Trojae
488 3307 519 3362 et
533 3300 647 3381 patriae
663 3300 824 3363 communis
846 3298 988 3384 Erinnys,

121 3383 292 3445 Abdiderat
306 3405 383 3462 sese,
399 3391 489 3466 atque
505 3385 565 3446 aris
580 3385 675 3447 invisa
690 3386 822 3448 sedebat.

121 3469 269 3531 Exarsere
285 3469 369 3551 ignes
385 3471 502 3545 animo;
525 3470 604 3531 subit
618 3471 663 3532 ira
679 3471 842 3533 cadentem

121 3553 235 3617 Ulcisoi
250 3556 387 3636 patriam,
403 3562 435 3617 et
449 3556 610 3622 sceleratas
627 3577 743 3617 sumere
760 3577 879 3637 poenas.

124 3636 246 3700 Scilicet
260 3641 335 3702 haee
353 3638 494 3723 Spartam
509 3640 662 3702 incolumis
677 3641 848 3723 patriasque
864 3639 1011 3725 Mycenas

122 3722 305 3806 Adspiciat?
328 3733 472 3809 partoque
488 3725 541 3787 ibit
556 3727 661 3808 regina
675 3726 835 3809 triumpho,
