2496 4334
459 313 640 358 GEORGICON
664 313 729 357 Llll.
754 314 792 358 Il.

106 466 353 551 Quadrifidasque
369 468 470 545 sudes,
486 475 518 530 et
533 476 621 529 acuto
637 467 741 528 robore
759 470 873 543 1·111101;

105 552 314 637 Silvarumque
331 555 407 616 aliae
423 576 539 637 pressos
555 554 726 636 propaginis
742 576 830 617 arcus

102 639 300 722 Exspectant,
316 648 348 702 et
363 641 431 702 viva
445 662 500 702 sua
515 641 664 724 plantaria
680 647 761 701 terra
775 662 783 715 ;

102 726 155 788 Nil
170 727 283 788 radicis
300 727 391 808 egent
403 726 489 805 aliae,
506 748 713 808 summumque
729 735 851 809 putator

100 812 193 874 Haud
210 814 329 874 dubitat
344 821 442 874 terrae
458 814 592 874 referens
607 812 750 874 mandare
767 835 921 876 cacumen.

100 897 177 970 Quin
196 905 227 960 et
244 899 416 960 caudicibus
433 901 571 961 sectis-
587 899 720 959 mirabile
739 898 822 961 dictu
833 899 839 964 l
851 935 895 945 -

100 985 247 1047 Truditur
262 1007 278 1047 e
295 986 373 1047 sicco
388 984 475 1046 radix
490 985 627 1061 oleagina
640 985 732 1063 ligno.

99 1070 141 1132 Et
157 1091 248 1153 saepe
264 1071 387 1133 alterius
403 1092 500 1149 ramos
514 1071 634 1152 impune
650 1071 786 1132 videmus

98 1155 232 1219 Vertere
247 1157 279 1218 in
294 1157 417 1219 alterius
431 1177 438 1232 ;
461 1164 669 1239 mutatumque
685 1157 775 1218 insita
789 1158 868 1218 mala

99 1241 195 1304 Ferre
211 1243 320 1326 pirum,
338 1249 369 1305 11
383 1244 487 1325 prunis
502 1243 635 1325 lapidosa
650 1243 810 1304 rubescere
827 1263 928 1304 corna.

143 1328 246 1401 Quare
262 1330 341 1412 agite
357 1351 385 1407 o,
402 1330 534 1412 proprios
550 1330 715 1409 gencratnn
733 1329 837 1390 discite
855 1330 965 1410 cultus,

98 1413 275 1497 Agricolae,
290 1415 468 1498 fructusque
484 1416 562 1477 feros
577 1415 688 1477 mollite
706 1415 840 1492 colendo,

99 1500 172 1563 Neu
186 1522 295 1584 segnes
305 1502 430 1584 jaceant
444 1508 555 1564 terrae.
600 1501 697 1563 Juvat
712 1501 828 1562 Ismara
843 1500 965 1564 Baccho

101 1585 279 1667 Conserere,
295 1593 387 1670 atque
402 1587 468 1650 elea
482 1608 626 1670 magnum
641 1587 751 1649 vestire
768 1586 952 1650 Taburnum.

100 1672 207 1756 Tuque
224 1673 308 1752 ades,
323 1673 537 1757 inceptumque
552 1695 613 1735 una
628 1673 756 1750 decurre
771 1673 914 1753 laborem,

102 1757 127 1822 Ο
144 1759 249 1839 decus,
265 1781 283 1822 o
297 1760 394 1822 famae
409 1760 516 1822 merite
531 1780 599 1842 pars
615 1759 745 1821 maxima
758 1768 890 1838 nostrae,

100 1842 277 1926 Maecenas,
292 1846 458 1928 pelagoque
473 1847 576 1908 volens
591 1845 631 1908 da
645 1846 712 1908 vela
727 1846 853 1928 patenti.

100 1930 131 1992 N
132 1953 171 1994 on
186 1953 243 2014 ego
258 1937 369 1994 cuneta
382 1931 457 1994 meis
473 1932 613 2015 amplecti
628 1931 764 1994 versibus
779 1937 865 2014 opt03

101 2016 182 2096 Non,
196 2017 270 2079 mibi
285 2018 310 2080 si
324 2018 444 2100 linguae
461 2026 582 2080 centum
596 2018 666 2096 sint,
682 2038 794 2100 oraque
810 2022 943 2096 centum,

100 2102 213 2166 Ferrea
229 2125 296 2166 vox.
342 2103 438 2183 Ades,
455 2110 486 2166 et
501 2104 588 2187 primi
602 2105 670 2186 lege
685 2104 780 2166 litoris
795 2123 900 2180 oram3

99 2189 136 2251 In
150 2190 289 2252 manibus
304 2196 424 2265 terrae3
446 2212 505 2252 non
521 2191 569 2252 hic
586 2197 616 2251 te
632 2191 763 2252 carmine
777 2191 860 2269 ficto,

100 2277 205 2358 Atque
220 2298 276 2359 per
292 2277 431 2357 ambages
447 2284 478 2338 11
493 2278 582 2357 longa
598 2298 703 2337 exorsa
716 2277 837 2338 tenebo.

142 2361 257 2445 Sponte
273 2383 328 2424 sua
343 2384 420 2443 quae
436 2385 467 2424 se
484 2365 591 2424 tollunt
607 2363 637 2422 in
652 2363 770 2424 luminis
787 2379 864 2440 0111,

98 2447 269 2531 Infecunda
284 2448 415 2530 quidem,
432 2449 485 2510 scd
500 2450 580 2510 laeta
597 2456 628 2509 ct
643 2450 731 2510 fortia
748 2455 896 2529 surgmnt:

99 2533 218 2617 Quippe
234 2535 294 2596 sele
309 2541 417 2596 natura
432 2535 544 2597 subest.
591 2535 704 2596 'l'anren
720 2536 794 2596 haee
810 2553 941 2616 queque,
957 2530 1064 2614 siquis

98 2620 233 2698 Inserat,
249 2627 302 2682 111
317 2621 471 2683 scrobibus
486 2621 609 2682 mandet
624 2627 741 2682 mutata
756 2621 898 2694 subactis,

99 2705 248 2768 Exuerint
263 2707 429 2783 silvestrem
444 2708 594 2782 animum3
618 2708 761 2788 cultuque
776 2705 930 2789 frequenti

98 2791 136 2854 In
151 2814 347 2875 quascunque
362 2786 451 2856 voc-‘es
467 2805 547 2856 artes
561 2793 643 2855 haud
658 2793 747 2854 tarda
761 2799 936 2875 sequentur.

98 2878 165 2940 Nee
181 2900 242 2940 non
258 2886 289 2941 et
304 2880 423 2958 sterilis,
439 2901 516 2962 quae
533 2880 673 2962 stirpibus
690 2879 752 2941 exit
767 2879 803 2940 ab
818 2878 895 2959 imis,

98 2964 166 3027 Hoc
182 2965 286 3043 faciet,
302 2986 412 3027 vacuos
428 2966 453 3028 si
470 2966 509 3028 sit
524 2966 642 3048 digesta
657 2987 712 3048 per
727 2986 834 3048 agros:

98 3050 190 3113 Nunc
208 3053 287 3113 altae
303 3051 424 3113 frondes
440 3058 471 3114 11
486 3053 561 3115 rami
575 3053 678 3114 matris
694 3057 833 3134 opacant,

100 3136 316 3219 Crescentique
332 3137 467 3199 adimunt
481 3139 573 3216 fetus,
588 3144 740 3220 uruntque
756 3137 914 3198 serentem.

97 3222 119 3284 J
121 3243 180 3301 arn,
196 3244 275 3305 quae
290 3223 451 3285 seminibus
461 3224 553 3307 jactis
568 3245 600 3286 11
616 3225 737 3286 sustulit
752 3224 849 3301 arbos,

98 3308 199 3370 'larda
214 3310 307 3388 venit,
324 3310 398 3372 seris
412 3310 532 3372 factura
545 3310 703 3392 nepotibus
718 3310 854 3371 umbram
867 3329 876 3384 3

98 3394 252 3477 Pomaque
269 3395 457 3480 degenerant
471 3417 582 3458 succos
591 3396 682 3458 oblita
696 3396 810 3480 priores
824 3416 832 3471 3

97 3479 140 3542 Et
155 3486 259 3563 turpes
275 3482 380 3544 avibus
395 3482 538 3564 praedam
552 3483 613 3544 fert
628 3504 688 3544 uva
702 3502 847 3544 racemos

143 3565 267 3629 Scilicet
282 3568 417 3630 omnibus
433 3574 479 3630 est
493 3568 578 3630 labor
592 3567 821 3651 impendendus,
837 3572 869 3628 11
883 3586 984 3628 omncs

98 3652 262 3734 Cogendae
278 3656 310 3716 in
324 3654 452 3732 sulcum,
468 3675 503 3716 ac
519 3654 614 3716 multa
628 3654 768 3716 mercede
784 3651 961 3715 domandae.

99 3738 162 3801 Sed
176 3740 293 3803 truncis
308 3740 393 3803 oleae
408 3740 526 3817 melius,
541 3741 704 3823 propagine
722 3740 797 3802 vites

95 3826 306 3910 Respondent,
321 3827 415 3891 solide
430 3826 566 3910 Paphiae
581 3826 619 3889 de
635 3827 740 3888 robore
755 3829 872 3909 myrtus
885 3843 894 3901 ;
