2496 4334
96 274 161 338 302
425 294 454 339 r.
478 293 619 340 vrasrmr
648 289 792 340 mironis

96 441 302 526 Hippotaden,
318 444 512 528 sequiturque
526 445 701 509 incumbens
716 443 830 507 eminus
841 443 928 506 hasta

97 528 265 610 Tereaque,
288 529 565 613 Harpalycumque,
588 537 620 594 et
642 530 879 612 Demophoonta,
901 527 1136 608 Chromimqu03

98 612 237 695 Quotque
253 614 360 677 emissa
373 636 464 678 manu
479 616 621 678 contorsit
634 615 747 698 spicula
762 615 857 695 virgo,
1088 635 1139 684 676

98 698 156 760 Tot
170 697 298 781 Phrygii
312 699 449 762 cecidere
464 701 530 762 viri.
576 701 686 763 Procul
702 697 837 782 Ornytus
852 696 942 760 armis

98 782 213 864 Ignotis
228 790 259 868 et
273 803 350 865 equo
360 791 485 847 venator
498 785 615 869 Iapyge
629 784 737 862 fertur,

99 866 156 929 Oui
171 867 255 949 pellis
269 868 345 931 latos
359 869 497 931 humeros
512 877 617 952 erepta
626 869 758 953 juvenco

98 952 264 1032 Pugnatori
278 953 384 1036 operit,
400 959 491 1036 caput
504 954 610 1036 ingens
625 954 683 1017 oris
697 954 796 1016 hiatus

98 1036 140 1098 Et
153 1036 248 1098 malae
264 1042 367 1100 texere
381 1038 444 1120 lupi
459 1059 527 1101 cum
542 1038 680 1103 dentibus
696 1038 781 1117 albis,

97 1121 298 1203 Agrestisque
313 1143 419 1185 manus
433 1131 530 1185 armat
544 1145 660 1207 sparus.
695 1124 776 1206 ·Ipse
792 1121 921 1185 catervis

98 1205 238 1268 Vertitur
252 1207 283 1267 in
297 1207 413 1286 mediis,
429 1213 460 1270 et
471 1215 532 1271 toto
542 1209 655 1270 vertice
670 1228 761 1291 supra
775 1213 832 1270 est.

98 1289 190 1352 Hunc
204 1290 256 1353 illa
271 1298 440 1374 exceptum,
455 1314 553 1374 nequo
569 1293 648 1355 cuim
662 1293 745 1355 labor
760 1291 877 1373 agmine
893 1310 991 1368 verso,

98 1375 233 1458 Trajicit,
249 1382 280 1437 et
294 1397 384 1459 super
398 1377 473 1439 hacc
488 1377 605 1441 inimico
620 1384 741 1461 pectore
756 1377 872 1439 fatur:-

100 1458 188 1522 Silvis
202 1465 245 1539 te,
260 1459 426 1544 Tyrrhena,
441 1463 521 1524 feras
537 1462 651 1544 agitare
665 1460 803 1545 putasti?

98 1544 234 1607 Advenit
249 1546 300 1627 qui
313 1553 414 1608 vestra
428 1547 492 1609 dies
507 1547 699 1609 muliebribus
714 1546 803 1608 armis

99 1629 203 1692 Verba
217 1630 416 1713 redarguerit.
460 1631 580 1694 Nomen
596 1638 697 1694 tamen
711 1631 792 1693 haud
805 1631 872 1692 leve
888 1634 1009 1712 patrum

99 1712 239 1776 Manibus
253 1715 309 1778 hoc
324 1715 448 1795 referes,
464 1717 523 1779 telo
539 1717 682 1780 cecidisse
699 1715 852 1778 Camillae.

99 1798 247 1862 Protenus
264 1798 451 1864 Orsilochum
466 1808 498 1864 ct
512 1801 625 1880 Buten,
634 1801 694 1864 duo
707 1801 837 1863 maxima
851 1799 1001 1861 Teucrum

102 1882 244 1966 Corpora,
256 1885 309 1947 sed
324 1885 425 1948 Buten
440 1907 578 1949 aversum
593 1886 715 1969 cuspide
729 1885 795 1947 fixit

101 1969 237 2052 Loricam
251 1970 426 2053 galeamque
440 1971 530 2050 inter,
546 1991 606 2053 qua
621 1973 697 2035 colla
710 1969 843 2033 sedentis

100 2054 229 2130 Lucent,
244 2060 276 2116 ct
288 2055 373 2118 laevo
388 2055 538 2138 dependet
552 2077 655 2139 parma
669 2057 781 2118 lacerto
796 2074 805 2130 ;

101 2139 289 2203 Orsilochum
303 2140 420 2221 fugiens
435 2162 635 2224 magnumque
651 2140 765 2222 agitata
780 2159 835 2222 per
848 2137 951 2201 orbem

100 2223 206 2286 Eludit
220 2245 295 2305 gyro
309 2224 442 2302 interior,
457 2226 651 2308 sequiturque
666 2230 842 2306 sequentem
854 2243 862 2298 ;

100 2310 177 2371 Tum
191 2309 320 2370 validam
335 2330 448 2392 perque
463 2331 546 2372 arma
560 2310 623 2372 viro
638 2330 752 2393 perque
768 2329 835 2371 ossa
849 2306 988 2384 securim,

99 2393 200 2456 Altior
215 2415 389 2476 exsurgens,
404 2396 500 2457 oranti
516 2401 547 2457 et
561 2397 656 2457 multa
670 2395 806 2477 precanti

101 2478 313 2560 congeminat:
337 2481 444 2542 vulnus
459 2480 555 2542 calido
569 2481 649 2563 rigat
663 2500 716 2542 ora
731 2479 863 2541 cerebro.

99 2564 212 2627 Incidit
225 2564 306 2642 huic,
316 2565 471 2646 subitoque
487 2564 632 2647 adspectu
646 2565 769 2627 territus
784 2561 880 2625 haesit

99 2648 335 2732 Apenninicolae
349 2649 475 2711 bellator
488 2650 565 2711 filius
579 2649 674 2727 Auni,

100 2734 193 2796 Haud
208 2733 353 2814 Ligurum
368 2740 528 2812 extremus,
544 2734 615 2795 dum
628 2734 732 2797 fallere
747 2734 810 2795 fata
825 2729 971 2794 sinebant.

100 2819 203 2901 Isque,
219 2819 270 2879 ubi
284 2838 316 2880 se
332 2820 413 2880 nullo
424 2820 489 2900 jam
504 2839 594 2880 cursu
606 2818 734 2881 evadere
749 2836 869 2900 pugnae

100 2903 192 2965 Posse
207 2923 305 2984 neque
320 2902 480 2964 instantem
494 2902 628 2982 reginam
643 2911 779 2966 avertere
796 2900 902 2977 cernit,

102 2987 229 3050 Consilio
244 3008 364 3049 versare
380 2987 461 3048 dolos
476 2986 628 3067 ingressus
643 2994 674 3049 et
689 2995 767 3065 astu,

99 3072 211 3155 Incipit
224 3073 320 3134 haec:
345 3069 425 3143 Quid
440 3077 501 3132 tam
517 3071 682 3153 egregium,
698 3073 722 3135 si
736 3070 846 3133 femina
862 3067 933 3131 forti

100 3157 183 3219 Fidis
198 3155 301 3239 equo?
333 3155 457 3217 Dimitte
473 3156 587 3237 fugam,
599 3164 630 3218 et
643 3163 674 3218 te
691 3155 852 3219 comminus
869 3171 965 3233 aequo

100 3241 223 3302 Mecum
238 3240 327 3302 crede
343 3241 414 3317 solo,
425 3258 603 3323 pugnaeque
620 3242 743 3322 accinge
758 3238 908 3322 pedestri:

99 3326 122 3388 J
123 3347 171 3387 am
185 3344 300 3401 nosces,
315 3331 439 3387 ventosa
453 3325 532 3385 ferat
546 3326 594 3387 cui
609 3326 704 3406 gloria
717 3325 847 3387 laudem.

100 3411 185 3473 Dixit
198 3429 206 3485 ;
229 3416 261 3470 at
275 3410 326 3471 illa
339 3409 453 3485 furens,
469 3409 590 3490 acrique
606 3431 733 3472 accensa
748 3409 859 3484 dolore,
883 3454 886 3458 a

101 3495 206 3556 Tradit
220 3514 330 3575 equum
345 3492 455 3570 comiti,
467 3493 647 3577 paribusque
663 3494 774 3561 resistit
788 3492 820 3553 in
834 3487 935 3566 armis,

100 3579 181 3641 Ense
197 3579 289 3661 pedes
303 3578 394 3654 nudo,
410 3598 543 3659 puraque
559 3579 697 3641 interrita
710 3597 825 3661 parma.

99 3663 145 3724 At
155 3664 285 3746 juvenis,
297 3662 402 3725 vicisse
418 3662 485 3723 dolo
500 3670 593 3741 ratus,
605 3666 704 3726 avolat
717 3664 793 3745 ipse,

99 3746 193 3809 Haud
207 3768 301 3825 mora,
310 3746 518 3827 conversisque
533 3747 627 3830 fugax
642 3749 777 3810 aufertur
793 3742 929 3820 habenis,
