2496 4334
451 328 619 376 Bucomcn.
664 329 786 375 ECLOGA
808 331 870 377 vn.

132 481 216 556 Quid
229 483 347 565 loquar,
363 487 398 544 ut
414 480 548 566 Scyllam
563 481 643 561 Nisi,
659 504 748 566 quam
764 483 844 547 fama
858 490 964 547 secuta
978 490 1025 549 est

134 567 275 631 Candida
290 568 475 642 succinctam
489 569 667 632 latrantibus
682 571 806 653 inguina
819 571 959 633 monstris

133 654 293 717 Dulichias
309 675 434 716 vexasse
450 661 541 733 rates,
558 660 589 716 et
604 657 724 738 gurgite
739 656 771 718 in
786 657 846 718 alto

132 739 186 801 Ah
200 739 207 803 l
230 739 350 802 timidos
365 746 473 802 naut-as
489 740 611 802 canibus
625 742 775 804 lacerasse
789 741 911 804 marinis
924 761 933 818 ;

132 824 201 887 Aut
214 831 250 886 ut
263 830 394 887 mutatos
410 825 499 888 Terei
512 827 680 888 narraverit
695 833 777 889 artus
791 847 799 904 3

135 908 218 982 Quas
232 911 277 971 illi
292 911 458 972 Philomela
472 911 576 993 dapes,
593 932 670 994 quae
687 912 765 975 dona
779 912 904 995 pararit,

135 993 202 1067 Quo
217 1016 309 1057 cursu
324 996 446 1058 deserta
460 997 611 1079 petiverit,
626 999 780 1080 atquibus
795 1004 864 1060 ante

134 1080 247 1142 Infelix
260 1102 315 1143 sua
329 1087 412 1144 tecta
427 1083 686 1164 supervolitaverit
700 1082 780 1145 alis?

137 1165 257 1245 Omnia,
273 1187 362 1249 quae,
378 1167 501 1229 Phoebo
516 1167 666 1250 quondam
680 1169 856 1247 meditante,
870 1168 977 1230 beatus

133 1251 243 1314 Audiit
258 1253 400 1330 Eurotas,
411 1253 561 1336 jussitque
577 1253 711 1316 ediscere
726 1255 837 1331 lauros,

133 1336 190 1399 Ille
206 1337 310 1414 canit3
333 1339 439 1420 pulsae
454 1339 589 1401 refervmt
604 1339 643 1401 ad
658 1339 758 1402 sidera
773 1341 887 1413 valles3

134 1421 251 1506 Cogere
267 1423 363 1485 donec
379 1444 450 1486 oves
465 1424 589 1486 stabulis
603 1446 820 1508 numerumque
836 1422 944 1487 referri
1150 1443 1183 1491 85

133 1507 242 1588 Jussit,
258 1515 289 1571 et
303 1508 398 1572 invito
414 1509 558 1592 processit
572 1509 694 1594 Vesper
710 1509 849 1596 Olympo.

462 1955 849 2029 MELIBOEUS.

534 2159 683 2213 ECLOGA
706 2159 767 2213 VII.

384 2327 576 2374 MELIBOEUS.
602 2328 761 2374 CORYDON.
785 2328 931 2376 THYRSIS.

173 2451 238 2516 Me.
254 2453 364 2517 Fonrn
379 2455 434 2518 sub
449 2461 557 2537 arguta
572 2454 751 2517 consederat
764 2455 832 2518 ilice
847 2456 996 2538 Daphnis,

130 2538 407 2623 Compulerantque
423 2562 532 2623 greges
549 2540 690 2624 Corydon
705 2548 736 2603 et
751 2542 875 2626 Thyrsis
889 2542 921 2603 in
935 2563 1040 2620 unum,

129 2624 256 2708 Thyrsis
271 2647 353 2705 och,
370 2624 512 2710 Corydon
526 2627 672 2690 distentas
687 2627 766 2690 lacte
783 2628 913 2710 capellas
927 2647 935 2705 ;

129 2708 231 2772 Ambo
245 2711 385 2774 florentes
401 2713 559 2792 aetatibus,
575 2711 714 2776 Arcades
730 2714 827 2793 ambo,

130 2794 174 2856 Et
189 2803 311 2860 cantare
326 2818 426 2881 pares„
442 2804 474 2860 et
488 2798 669 2881 respondere
685 2800 794 2882 parati.

130 2880 203 2942 Huc
218 2882 301 2961 mihi,
317 2883 389 2945 dum
404 2890 523 2946 teneras
539 2884 669 2946 defendo
684 2906 703 2947 a
717 2886 829 2966 frigore
844 2889 969 2967 myrtos,

130 2965 189 3028 Vir
205 2969 305 3050 gregis
319 2968 383 3051 ipse
401 2990 491 3052 caper
505 2969 710 3032 deerraverat.
755 2971 861 3052 Atque
877 2990 934 3050 ego
948 2967 1102 3051 Daphnim

130 3050 274 3134 Aspici03
296 3054 346 3117 ille
361 3055 413 3115 ubi
427 3077 475 3117 me
491 3063 596 3118 contra
610 3056 713 3118 videt:
740 3054 844 3133 Ocius,
860 3054 968 3134 inquit,

129 3136 202 3199 Huc
220 3138 303 3218 ades,
319 3161 336 3202 o
352 3138 501 3203 Meliboee
516 3161 523 3216 ;
547 3163 638 3224 caper
653 3143 707 3203 tibi
722 3143 832 3219 salvus,
849 3144 880 3201 et
894 3138 1002 3200 haedi:

131 3223 182 3301 Et,
199 3224 223 3286 si
239 3224 311 3307 quid
328 3245 446 3288 cessare
462 3233 558 3308 potes,
573 3229 728 3310 requiesce
745 3228 799 3289 sub
814 3224 930 3287 umbra.
1146 3242 1177 3289 10

80 3344 83 3351 ·
130 3308 201 3371 Huc
217 3309 273 3392 ipsi
288 3318 390 3394 potum
404 3312 526 3374 venient
541 3335 596 3396 per
609 3321 698 3396 prata
707 3313 850 3396 juvenci3

129 3394 190 3458 Hic
207 3396 317 3459 virides
332 3404 438 3461 tenera
453 3399 603 3481 praetexit
618 3400 763 3462 arundine
779 3399 859 3480 ripas

80 3548 84 3555 ,
129 3480 272 3561 Mincius
288 3504 365 3566 eque
381 3504 467 3546 sacra
482 3492 623 3547 resonant
638 3487 775 3547 examina
789 3505 915 3567 quercu.

80 3572 86 3651 ζ
130 3566 208 3640 Quid
220 3568 378 3631 facerem?
401 3570 511 3653 Neque
524 3593 580 3653 ego
591 3572 743 3654 Alcippen
754 3592 853 3654 neque
866 3568 1007 3656 Phyllida
1015 3567 1173 3644 habebam,

82 3666 87 3727 ζ
129 3654 277 3738 Depulsos
294 3656 404 3718 alacte
421 3657 499 3719 domi
515 3679 592 3739 quac
608 3658 764 3720 clauderet
779 3678 891 3739 agnos;
1143 3671 1174 3718 15

129 3739 169 3802 Et
183 3748 339 3804 certamen
354 3749 431 3818 erat,
448 3743 588 3825 Corydon
604 3765 673 3806 cum
688 3743 848 3825 Thyrside,
863 3761 1014 3824 magnum.

84 3866 89 3927 l
128 3826 294 3890 Posthabui
309 3836 411 3892 tamen
425 3829 541 3890 illorum
556 3852 624 3892 mea
639 3830 718 3892 seria
731 3830 813 3891 ludo.
