2496 4334
464 322 624 370 AENEIDOS
640 324 705 368 LIB.
729 323 776 369 IV.

97 474 232 556 Annam,
248 496 319 540 cara
335 477 405 539 mihi
419 478 530 554 nutrix,
545 477 604 539 huo
620 477 690 538 siste
706 497 857 552 11111111;

99 560 169 640 Dic,
185 583 292 645 corpus
307 569 447 645 properet
460 563 571 624 fluviali
586 583 726 644 spargere
742 563 874 645 lympha,

99 645 143 706 Et
156 647 287 728 pecudes
303 669 404 709 secum
423 655 454 709 et
468 654 632 709 monstrata
646 648 764 729 piacula
779 647 879 709 ducat.

102 729 152 793 Sic
168 732 289 808 veniat3
312 739 405 814 tuque
420 733 485 814 ipsa
501 733 550 816 pia
564 740 633 814 tege
649 738 784 815 tempora
799 732 882 794 vitta.

102 813 196 878 Sacra
210 817 232 879 J
234 818 282 879 ovi
298 815 416 899 Stygio,
432 838 508 900 quae
524 818 581 879 rite
596 818 717 899 incepta
731 818 846 899 paravi,

99 900 252 963 Perficere
269 909 315 964 est
329 903 455 980 animus,
470 904 619 984 finemque
634 902 784 985 imponere
801 902 890 980 curis,

98 984 304 1068 Dardaniique
320 1009 425 1068 rogum
439 987 543 1069 capitis
559 987 731 1069 permittere
746 987 892 1049 flammae.

101 1068 152 1132 Sic
168 1071 219 1132 ait.
265 1072 323 1133 Illa
338 1073 464 1153 gradum
478 1073 575 1134 studio
591 1072 741 1134 celerabat
758 1072 838 1133 anili.

98 1157 145 1216 At
159 1155 287 1238 trepida,
303 1162 334 1218 11
349 1158 460 1239 coeptis
474 1157 649 1218 immanibus
665 1157 755 1218 effera
770 1156 860 1236 Dido,

101 1238 304 1321 Sanguineam
317 1243 439 1304 volvens
454 1243 559 1320 aciem,
574 1242 757 1324 maculisque
773 1248 935 1304 trementes

99 1323 252 1388 Interfusa
266 1347 369 1407 genas,
385 1333 416 1388 11
430 1326 539 1409 pallida
554 1333 647 1389 morte
662 1327 775 1405 futura,

98 1409 248 1472 Interiora
263 1410 365 1473 domus
381 1412 518 1493 irrumpit
530 1412 642 1490 limina,
658 1418 689 1473 11
704 1413 778 1474 11111

101 1492 282 1557 Conscendit
295 1496 456 1559 furibunda
470 1517 567 1577 rogos,
583 1518 743 1579 ensemque
759 1496 887 1559 recludit

99 1579 296 1660 Dardanium,
310 1602 370 1643 non
383 1583 437 1644 hos
453 1582 619 1664 quaesitum
633 1603 740 1644 munus
755 1582 786 1643 in
799 1603 882 1644 usus.

100 1664 172 1742 Hic,
187 1672 343 1748 postquam
357 1665 467 1729 Iliacas
481 1674 580 1728 vestes
593 1673 755 1750 notumque
772 1666 868 1729 cubile

100 1748 272 1831 Conspexit,
287 1752 419 1833 paullum
433 1752 573 1835 lacrymis
588 1758 619 1813 et
632 1759 731 1813 mente
747 1758 872 1832 morata,

97 1834 299 1918 Incubuitque
315 1843 390 1915 toro,
406 1837 539 1919 dixitque
554 1837 712 1899 novissima
726 1837 839 1898 verba:
857 1868 870 1889 ·

143 1919 256 1982 Dulces
272 1922 407 2000 exuviae,
422 1921 493 1983 dum
508 1922 571 1983 fata
585 1922 719 2003 deusque
734 1922 860 2001 sinebat,

98 2004 238 2087 Accipite
253 2006 329 2068 hanc
345 2007 482 2085 animam,
497 2027 604 2088 meque
620 2007 667 2068 his
682 2007 823 2069 exsolvite
840 2007 928 2070 curis.

99 2089 182 2168 Vixi,
198 2095 240 2168 11,
256 2112 345 2173 quem
360 2091 485 2153 dederat
500 2112 619 2153 cursum
634 2093 764 2170 fortuna,
780 2093 902 2174 perogi;

99 2175 141 2236 Et
154 2196 235 2237 nunc
249 2196 358 2256 magna
372 2177 431 2238 mei
445 2176 499 2238 sub
514 2183 610 2238 terras
625 2176 679 2238 ibit
692 2176 800 2258 imago.

98 2259 215 2323 Urbem
229 2262 413 2342 praeclaram
427 2261 518 2323 statui
531 2281 538 2336 ;
562 2283 628 2323 mea
642 2263 758 2324 moenia
772 2262 833 2324 vidi
847 2282 856 2338 ;

99 2343 174 2408 Ulta
188 2345 295 2422 virum,
310 2366 420 2427 poenas
435 2346 551 2408 inimico
567 2369 582 2408 a
598 2347 691 2408 fratre
707 2347 827 2429 recepi:

99 2429 195 2507 Felix,
209 2430 270 2491 heu
285 2430 406 2491 nimium
420 2430 503 2509 felix,
519 2432 543 2493 si
557 2431 645 2493 litora
659 2437 775 2493 tantum

99 2513 263 2596 Nunquam
277 2514 448 2577 Dardaniae
464 2516 632 2597 tetigissent
646 2522 748 2578 nostra
763 2516 882 2578 carinae
896 2515 902 2580 l

99 2599 194 2676 Dixit,
210 2605 252 2676 11,
267 2620 300 2661 11
314 2599 458 2682 impressa
472 2607 547 2678 toro,
562 2600 727 2663 Mon'emur
740 2601 852 2662 inultae
867 2621 874 2676 ;

101 2682 163 2753 ‚Sed
177 2683 356 2748 moriamur!
374 2685 435 2746 ait:
460 2685 513 2762 sic,
529 2686 570 2747 sic
582 2686 671 2767 juvat
685 2686 728 2747 ire
744 2686 798 2748 sub
814 2686 944 2748 umbras.

98 2769 230 2831 Hamiat
243 2768 322 2831 bunc
338 2770 429 2831 oculis
443 2769 544 2851 ignom
559 2770 687 2833 crudelis
703 2769 741 2832 ab
755 2772 815 2856 alto

99 2854 270 2931 Dardanus,
287 2860 318 2916 11
331 2860 449 2915 1111111
466 2876 567 2916 secum
582 2856 660 2916 ferat
674 2856 772 2917 omina
785 2855 899 2917 mortis.

141 2938 268 3000 Dixerat
280 2958 289 3013 ;
312 2945 402 3020 atque
417 2939 498 3000 illam
512 2939 611 3000 modia
625 2940 704 3001 inter
718 2941 790 3001 talia
804 2941 883 3002 forro

99 3022 266 3105 Collapsam
282 3024 449 3106 adspiciunt
464 3025 597 3102 comites,
613 3045 773 3107 ensemque
790 3045 894 3086 cruore

100 3106 306 3190 Spumantem,
322 3128 498 3190 sparsasque
514 3129 629 3170 manus.
675 3110 707 3186 lt
721 3111 831 3171 clamor
846 3109 885 3170 ad
900 3110 962 3172 alta

96 3192 188 3254 Atria
201 3213 208 3267 ;
233 3212 407 3254 concussam
420 3194 584 3255 bacchatur
599 3195 679 3255 fama
694 3215 747 3275 per
762 3195 888 3271 urbem;

97 3277 260 3355 Lamentis,
276 3278 459 3359 gemituque,
476 3285 507 3339 et
520 3279 665 3341 foemineo
680 3279 807 3357 ululatu,

97 3362 192 3423 Tecta
206 3363 337 3423 fremunt
350 3383 358 3437 3
381 3369 500 3424 resonat
513 3364 628 3444 magnis
643 3364 833 3446 plangoribus
849 3364 973 3426 aether:

98 3446 168 3507 Non
183 3447 280 3524 aliter,
296 3468 384 3529 quam
399 3448 423 3509 si
438 3448 573 3509 immissis
589 3457 657 3510 ruat
673 3449 805 3510 hostibus
820 3450 913 3510 omnis

99 3531 261 3612 Carthago,
277 3539 329 3592 aut
344 3533 466 3613 antiqua
482 3532 588 3614 Tyros,
603 3535 798 3614 flammaeque
813 3535 947 3595 furentes

99 3614 238 3677 Culmina
252 3637 365 3698 perque
380 3616 530 3677 hominum
546 3619 703 3680 volvant-ur
717 3638 830 3700 perque
846 3619 978 3679 deorum.

96 3701 204 3762 Audiit
220 3702 374 3778 exanimis,
389 3701 565 3783 trepidoque
582 3704 725 3764 exterrita
740 3723 840 3779 cursu,

97 3785 255 3866 Unguibus
270 3806 323 3848 ora
337 3806 419 3847 soror
432 3787 566 3864 foedans,
582 3794 613 3848 et
626 3793 749 3869 pectora
763 3785 882 3868 pugnis,
