2496 4334
473 315 656 361 eucnemon
678 315 743 360 LIB.
768 315 792 361 Ι.

108 471 212 546 Quum
226 477 318 556 caput
332 470 460 534 obscura
474 471 600 532 nitidum
616 469 769 552 ferrugine
789 471 875 549 texit,

108 558 269 642 Impiaque
286 563 441 621 aeternam
456 558 621 619 tirunenrut
635 558 757 618 saecula
771 563 900 619 noctem.

108 643 259 727 Tempore
274 665 455 727 quamquam
469 643 519 704 illo
536 644 623 705 tellus
640 664 758 725 quoque
775 650 806 704 et
822 662 953 725 aequora
967 640 1062 726 ponti,

110 728 348 812 Obscoenaeque
364 750 466 807 canes,
481 729 729 812 importunaeque
744 729 881 791 volucres
1112 746 1160 795 ⁴70

112 814 209 897 Signa
224 816 346 878 dabant.
394 814 517 887 Quoties
533 814 698 898 Cyclopum
714 815 858 877 effervere
874 814 906 876 in
920 833 1008 896 agros

109 900 251 964 Vidimus
266 901 430 963 undantem
443 901 539 984 mptis
554 901 724 962 fornacibus
739 900 884 979 Aetnam,

109 987 375 1069 Flammarumque
391 987 492 1068 globos
507 986 730 1069 liquefactaque
746 987 865 1048 volvere
881 983 971 1049 saxa!

109 1073 275 1135 Armorum
291 1073 420 1135 sonitum
437 1078 499 1134 toto
518 1070 681 1134 Germania
696 1072 779 1134 coelo

110 1159 239 1234 Audiit;
262 1158 386 1221 insolitis
402 1163 590 1220 tremuerunt
603 1159 732 1220 motibus
747 1157 856 1240 Alpes.

110 1243 181 1306 Vox
197 1264 315 1327 quoque
330 1265 386 1326 per
399 1244 483 1306 lucos
498 1244 588 1325 vulgo
603 1243 745 1306 exaudita
760 1245 882 1306 silentes

109 1329 225 1412 Ingens
239 1349 248 1405 ;
271 1336 303 1392 et
317 1330 476 1392 simulacra
490 1329 585 1392 modis
600 1329 743 1413 pallentia
756 1330 838 1392 miris

110 1416 188 1478 Visa
203 1415 258 1477 sub
273 1415 432 1478 obscurum
447 1416 562 1490 noctis3
585 1416 777 1500 pecudesque
792 1417 923 1493 locutae,

109 1500 292 1566 Infandum!
316 1501 426 1564 sistunt
440 1522 554 1579 amnes,
570 1509 729 1584 terraeque
745 1501 904 1563 dehiscunt
917 1520 925 1575 3
983 1527 987 1535 ·

110 1587 152 1650 Et
166 1593 316 1650 maestum
330 1586 487 1649 illacrimat
503 1589 621 1671 templis
636 1588 722 1665 ebur,
738 1608 869 1670 aeraque
882 1585 1002 1649 sudant.
1063 1594 1069 1601 '
1127 1631 1131 1646 .

109 1673 228 1736 Proluit
243 1673 349 1736 insano
363 1679 562 1755 contorquens
577 1673 690 1736 vertice
704 1673 794 1736 silvas

109 1758 286 1822 fluviorum
300 1780 353 1821 rex
368 1758 530 1837 Eridanus,
546 1779 726 1843 camposque
742 1781 797 1842 por
812 1780 913 1821 ornnes

111 1844 190 1906 Cum
204 1845 329 1908 stabulis
345 1851 480 1906 armenta
495 1845 574 1908 tulit,
619 1845 687 1907 Nec
703 1851 835 1927 tempore
853 1847 957 1908 ecdem

109 1930 259 1993 Tristibus
275 1938 327 1992 aut
342 1931 418 1992 extis
432 1930 526 2014 librae
543 1952 688 2014 apparere
704 1932 847 2010 minues,

108 2015 290 2117 Autoeppteis
304 2038 426 2078 manare
443 2036 532 2079 cruor
547 2018 685 2094 cessarit,
702 2024 732 2079 et
748 2019 826 2079 ultae

109 2102 172 2163 Per
186 2109 307 2165 noctem
318 2122 470 2180 resonare,
484 2103 562 2186 lupis
578 2104 772 2180 ululantibus,
789 2104 889 2165 urbes.

85 2184 182 2250 'Non
197 2189 270 2250 alias
286 2189 369 2250 coelo
384 2188 560 2250 cecidemnt
575 2191 662 2272 plura
677 2169 823 2250 screnob

107 2274 266 2356 Fulgura3
288 2295 345 2336 nec
361 2273 418 2346 din
434 2274 523 2337 toties
539 2296 640 2337 arsere
657 2283 802 2337 comet-ae.

108 2359 194 2442 Ergo
208 2361 289 2422 inter
302 2381 368 2422 sese
383 2360 505 2442 paribus
521 2382 701 2423 concurrere
717 2361 785 2423 telis

107 2446 262 2508 Romanas
278 2445 358 2508 acies
372 2445 483 2508 iterum
498 2447 600 2508 videre
617 2447 747 2529 Philippi
762 2466 770 2521 3

106 2532 178 2594 Nec
193 2531 252 2593 fuit
266 2531 421 2614 indignum
436 2533 563 2615 superis,
579 2533 624 2595 bis
639 2533 783 2614 sanguine
798 2538 899 2593 nostro

75 2692 80 2703 Ι
107 2618 282 2680 Emathiam
297 2624 329 2679 et
342 2618 419 2679 latos
434 2617 546 2680 Haemi
561 2619 758 2702 pinguescere
774 2638 905 2701 campos.

109 2703 235 2767 Scilicet
250 2710 282 2766 et
296 2709 415 2786 tempus
429 2705 542 2782 veniet,
558 2725 629 2774 curn
641 2705 749 2766 finibus
763 2705 821 2767 illis

107 2789 267 2872 Agricola,
281 2788 405 2852 incurvo
420 2795 532 2852 terram
547 2791 666 2851 molitus
682 2797 794 2869 aratro,

107 2875 210 2953 Emesa
225 2875 357 2937 inveniet
372 2876 483 2937 scabra,
493 2876 626 2956 robigine
641 2877 712 2957 pila,

106 2961 174 3023 Aut
189 2961 333 3043 gravibus
347 2962 451 3022 rastris
468 2964 569 3039 galeas
585 2963 713 3044 puetis
726 2963 841 3038 inanes,

108 3047 304 3129 Grandiaque
320 3046 432 3107 effossis
446 3048 602 3108 mirabitur
618 3070 684 3109 ossa
700 3049 854 3130 sepulcris.

107 3133 148 3194 Di
159 3132 260 3217 patrii,
269 3131 435 3212 Indigetes,
452 3140 483 3194 et
498 3135 636 3212 Romule,
652 3134 808 3215 Vestaque
824 3140 932 3209 mator,

108 3217 193 3290 Quae
210 3217 343 3288 {Priscum
358 3217 489 3280 Alberim
505 3226 536 3281 et
551 3220 687 3280 Romana
701 3220 820 3281 Palatia
837 3240 949 3296 serras,

107 3303 202 3366 Hunc
217 3304 325 3366 saltem
341 3324 446 3378 everso
458 3305 602 3387 juvenem
617 3326 793 3368 succurrere
809 3307 907 3366 saeclo

107 3389 157 3452 Ne
173 3389 330 3474 prohibete
345 3387 351 3452 l
400 3387 479 3452 Satis
489 3391 684 3474 jampridem
699 3392 844 3471 sunguine
861 3398 960 3452 nostro

106 3475 349 3538 Laomedonteae
366 3474 475 3537 luimus
491 3477 621 3559 perjuria
637 3477 754 3556 Trojae.

105 3561 179 3623 «lam
193 3560 311 3644 pridem
325 3561 410 3623 nobis
426 3563 501 3624 coeli
517 3570 546 3624 te
562 3565 658 3643 regia,
676 3563 799 3640 Caesar,

105 3647 241 3726 Invidet,
257 3653 349 3728 utrque
364 3647 516 3708 hominum
532 3650 669 3730 queritur
684 3670 790 3710 curare
807 3647 991 3730 triumphos:

106 3731 225 3816 Quippe
243 3733 294 3794 ubi
308 3733 354 3794 fas
370 3755 490 3794 versum
506 3741 596 3816 atque
612 3736 718 3810 nefas,
742 3742 787 3796 tot
800 3734 881 3795 bella
895 3754 951 3815 per
965 3731 1078 3811 orbem,
1108 3750 1156 3797 505

104 3818 182 3881 'Pam
198 3820 311 3882 multae
327 3821 475 3880 scelerum
490 3820 582 3882 facies
597 3841 605 3896 ;
628 3843 688 3882 uon
702 3821 782 3883 ullus
797 3824 898 3882 aratro

432 3907 452 3968 4
