2496 4334
142 277 205 341 192
490 297 519 342 r.
543 297 684 342 masrmr
709 296 853 343 naaoms

142 444 311 528 Egerimus,
325 445 402 509 nosti
415 466 424 523 ;
447 453 478 509 et
492 447 614 509 nimium
628 447 795 510 meminisse
810 468 932 512 necesse
947 456 1003 513 est.

141 529 241 603 Quum
254 531 352 593 fatalis
367 552 462 613 equus
476 533 554 594 saltu
568 552 658 614 super
672 531 767 593 ardua
781 533 862 594 venit

140 614 300 696 Pergama,
315 620 347 676 et
362 621 508 677 armatum
523 616 654 698 peditem
668 616 767 697 gravis
782 617 882 678 attulit
896 618 962 681 alvo
975 638 984 695 3

140 698 208 776 Illa,
226 700 348 761 chorum
361 700 513 778 simulam,
528 707 650 762 evantes
665 701 748 781 orgia
762 700 874 762 circum

139 783 279 846 Ducebat
294 784 441 867 Phrygias
455 804 463 859 3
486 785 633 846 flammam
646 784 744 847 media
758 784 823 866 ipsa
837 785 960 849 tenebat

139 867 309 949 Ingentem,
324 875 355 930 et
369 889 482 931 summa
496 869 615 931 Danaos
631 889 668 930 ex
683 889 751 931 aroe
767 869 903 932 vocabat.
1011 868 1015 875 “

139 951 215 1014 Tum
230 974 288 1030 me,
304 953 472 1015 confectum
487 955 565 1015 curis
580 974 738 1035 somnoque
753 960 921 1034 gravatum,

138 1037 248 1098 Infelix
262 1037 365 1098 habuit
379 1037 536 1115 thalamus,
552 1037 718 1120 pressitque
728 1038 881 1120 jacentem

138 1121 243 1183 Dulcis
255 1127 287 1183 et
300 1122 361 1183 alta
375 1121 471 1203 quies,
486 1121 680 1204 placidaeque
696 1122 842 1184 simillima
855 1122 953 1185 morti.

138 1205 187 1266 Εσ
167 1206 271 1287 gregia
284 1205 400 1267 interea
415 1207 522 1289 conjux
536 1226 619 1268 arma
634 1206 730 1267 omnia
744 1206 831 1268 tectis

137 1290 313 1366 Amovete
314 1289 435 1351 tfidum
449 1290 529 1372 capit
529 1313 539 1350 1
516 1289 735 1351 tsubduxerat
722 1295 872 1366 t;ensem

138 1374 190 1436 Int
177 1381 224 1436 tra
239 1335 319 1436 tebta
333 1380 421 1436 vocat
434 1373 606 1436 Menelaum
621 1380 652 1436 et
665 1375 767 1436 limina
779 1338 896 1457 pandit

140 1457 261 1520 Scilicet
274 1458 306 1520 id
319 1478 461 1539 magnum
475 1479 597 1540 sperans
612 1458 675 1520 fore
689 1479 796 1520 munus
812 1460 933 1538 amanti,

138 1542 180 1604 Et
194 1543 304 1604 famam
318 1542 467 1624 exstingui
481 1549 617 1605 veterum
631 1542 673 1605 sic
688 1564 772 1625 posse
787 1545 941 1606 malorum.

138 1625 217 1699 Quid
230 1625 353 1689 moror?
375 1625 543 1710 irrumpunt
530 1627 708 1702 thalamo
701 1646 708 1661 ·
732 1647 830 1690 comes
845 1628 966 1691 additur
980 1648 1041 1690 una

137 1710 282 1773 Hortatur
297 1711 443 1808 scelerum
456 1712 610 1774 Aeolides.
654 1712 705 1790 Di,
721 1712 793 1775 talia
808 1711 907 1776 Graiis

136 1795 291 1858 Instaurat
278 1802 319 1874 te,
335 1795 383 1893 pio
398 1795 422 1858 si
433 1817 543 1879 poenas
558 1817 608 1859 ore
623 1795 766 1894 reposco!

140 1878 201 1943 Sed
216 1886 246 1942 te
262 1880 313 1963 qui
327 1879 427 1942 vivum
442 1901 540 1959 casus,
555 1902 612 1978 age
627 1880 734 1943 fare
707 1879 846 1958 meissim,

135 1964 182 2026 At
183 1965 314 2027 tulerint
359 1964 502 2046 Pelagine
517 1966 600 2028 venis
615 1966 828 2027 erroribust
778 1985 814 2026 ao
815 1971 875 2042 tus,

136 2049 189 2110 An
203 2050 295 2112 monit
295 2071 316 2110 u
282 2048 456 2112 tdivum?
480 2071 529 2128 an,
545 2071 622 2132 quae
636 2056 667 2111 te
683 2049 816 2112 Fortuna
829 2048 947 2130 fatigat,

137 2133 182 2196 Ut
196 2135 296 2196 tristes
310 2135 373 2196 sine
388 2135 449 2196 sole
464 2134 575 2212 domos,
590 2136 683 2197 locat
670 2133 799 2211 turbida,
815 2131 938 2195 adires?

137 2217 248 2281 Hac'
221 2239 287 2280 moe
302 2238 469 2280 sermonum
483 2219 575 2280 roseis
589 2217 710 2280 Aurora
725 2217 877 2301 quadrigis

137 2302 159 2364 J
161 2323 208 2363 am
221 2302 351 2364 medium
366 2307 416 2363 aet
403 2301 498 2364 therio
513 2322 602 2364 cursu
616 2302 777 2386 trajecerat
791 2321 897 2363 axem:

138 2385 179 2447 Et
194 2387 254 2450 fors
269 2407 354 2449 omne
370 2386 473 2448 datum
487 2387 641 2448 traherent
655 2407 710 2468 per
724 2386 796 2449 talia
811 2392 927 2466 tempus
940 2405 949 2460 ;

139 2469 200 2533 Sed
216 2492 313 2533 comes
328 2470 490 2549 admonuit,
505 2471 695 2552 breviterque
711 2471 801 2533 affata
822 2468 936 2552 Sibylla
945 2473 1017 2550 3est:

137 2555 206 2617 Nox
221 2556 292 2633 ruit,
306 2556 414 2616 Aenea
427 2574 435 2629 ;
457 2576 510 2616 nos
525 2555 622 2617 flendo
639 2555 773 2617 ducimus
787 2555 885 2616 horas.

136 2639 197 2701 Hic
212 2641 294 2702 loeus
309 2646 365 2717 est,
381 2647 481 2720 partes
495 2639 547 2700 ubi
562 2660 593 2701 se
609 2639 658 2701 via
671 2639 757 2700 findit
768 2639 799 2699 in
814 2636 934 2699 ambas:

137 2723 273 2785 Dextera
288 2744 364 2804 quae
380 2722 458 2785 Ditis
474 2724 575 2804 magni
589 2723 643 2785 sub
657 2723 773 2784 moenia
790 2721 898 2799 tendit,
919 2768 926 2775 .

137 2807 205 2869 Hac
220 2808 278 2869 iter
293 2807 429 2890 Elysium
442 2807 525 2869 nobis
539 2827 547 2882 ;
570 2813 602 2869 at
615 2808 702 2870 laeva
715 2808 860 2868 malorum

137 2891 269 2953 Exercet
256 2899 393 2973 tpoenas
409 2897 439 2952 et
426 2891 494 2952 tad
508 2891 598 2972 impia
613 2891 740 2952 Tartara
753 2890 855 2951 mittit

137 2975 309 3058 Deiphobus
324 2980 427 3037 contra
393 2975 520 3036 ra:Ne
536 2976 627 3054 saevi,
642 2995 751 3055 magna
766 2973 926 3047 sacerdos;

137 3059 308 3156 Discedam,
324 3058 448 3141 explebo
462 3079 619 3120 numerum
621 3058 813 3140 ,reddarque
828 3056 969 3118 tenebris.

137 3143 154 3205 I
169 3143 295 3221 decus,
288 3165 309 3220 1,
324 3148 391 3205 nost
392 3164 478 3205 ιιιιιι.
471 3106 670 3205 melioribus
684 3148 770 3204 utere
785 3141 836 3203 fat
816 3147 874 3204 ιι
867 3140 873 3182 ¹

137 3226 266 3287 Tantum
281 3227 397 3303 effatm,
413 3226 465 3286 et
457 3248 489 3287 ιιι
503 3226 594 3289 verbo
611 3226 738 3306 vestigia
755 3225 851 3321 torsit.

179 3310 314 3391 Respicit
301 3308 449 3370 tAeneas
464 3309 570 3387 subito,
586 3317 617 3372 et
604 3311 685 3372 tsub
700 3330 774 3392 rupe
789 3308 908 3370 sinistra

137 3392 258 3455 Moenia
271 3394 334 3455 lata
347 3392 440 3469 videt,
456 3393 565 3474 triplici
579 3393 763 3455 circumdata
776 3413 872 3469 muro,

138 3477 221 3551 Quae
237 3476 358 3559 rapidus
372 3477 496 3538 flammis
511 3477 603 3538 ambit
616 3477 796 3538 torrentibus
812 3475 916 3550 amnis,
1000 3486 1005 3496 ·

138 3563 299 3624 Tartareus
315 3561 513 3641 Phlegethon,
525 3567 703 3642 torquetque
719 3560 854 3621 sonantia
868 3577 949 3620 saxa.

139 3646 230 3708 Porta
245 3646 382 3722 adversa,
397 3646 513 3726 ingens,
529 3645 679 3725 solidoque
695 3644 853 3705 adamante
869 3642 1034 3715 columnae,

138 3728 195 3792 Vis
209 3731 338 3792 utnulla
352 3729 460 3805 virum,
474 3750 534 3790 non
547 3729 604 3810 ipsi
619 3726 792 3789 exscindere
808 3727 887 3787 ferro
