2496 4334
106 242 169 307 136
444 261 474 307 r.
498 260 640 314 vraenn
660 261 805 309 uraours

104 413 250 491 Dixerat3
273 420 304 478 et
340 435 418 479 enua
433 416 596 498 amplexus,
612 416 798 498 genibusque
810 417 959 496 volutans,

104 499 270 562 Haerebat.
317 436 376 573 dui
390 501 439 577 sit,
454 501 522 579 fari,
534 521 593 583 quo
608 502 752 582 sanguine
774 509 886 581 cretus,

104 584 289 661 Hortamur;
313 607 389 668 quae
406 585 513 648 deinde
529 585 624 667 agitet
638 587 770 664 fortuna,
785 588 885 652 fateri.

104 670 175 753 Ipse
191 677 278 752 pater
293 670 428 733 dextram
441 669 602 749 Anchises,
617 671 699 734 haud
713 673 808 735 multa
822 679 965 750 moratus,

104 755 167 816 Dat
175 756 292 837 juveni,
308 762 398 838 atque
414 756 544 819 animum
558 757 709 837 praesenti
724 757 847 840 pignore
863 759 972 824 firman

103 839 161 902 Ille
176 840 263 919 haec,
278 842 413 924 deposita
427 841 547 904 tandem
561 841 729 920 formidine,
744 842 843 905 saturi

149 923 222 987 Sum
237 927 335 1009 patria
349 947 387 988 ex
402 926 519 1004 Ithaca,
536 947 634 989 comes
648 926 774 990 infelicis
790 927 875 991 Ulixi

103 1010 222 1072 Nomen
236 1011 468 1090 Achemenides‚
485 1011 604 1094 Trojam
619 1013 753 1093 genitore
768 1012 933 1076 Adamasto

103 1094 242 1178 Paupere
254 1131 294 1142 —-
304 1097 519 1178 mansissetque
534 1096 648 1158 utinam
662 1097 782 1160 fortuna
792 1097 798 1162 l
810 1135 848 1147 —
861 1099 978 1181 profect
1016 1144 1024 1158 .

102 1178 163 1243 Hic
179 1202 237 1260 me,
253 1181 325 1243 dum
339 1182 447 1264 trepidi
462 1181 596 1243 crudelia
609 1182 710 1245 limina
723 1184 873 1265 linquunt,

102 1265 295 1329 Immemores
310 1267 382 1330 socii
396 1272 480 1331 vasto
496 1265 634 1349 Cyclopis
649 1268 681 1328 in
695 1274 780 1330 antro

102 1351 283 1415 Deseruere.
328 1352 442 1417 Domus
457 1351 539 1415 sanie
555 1351 739 1435 dapibusque
757 1353 899 1432 cruentis,

101 1436 188 1499 Intus
204 1442 307 1520 opaca,
322 1437 438 1520 ingens.
483 1435 554 1518 Ipse
570 1437 692 1516 arduus,
708 1439 828 1520 altaque
850 1439 949 1522 pulsat

104 1520 221 1601 Sidera,
233 1523 337 1597 -Di,
354 1523 445 1586 talem
459 1521 547 1584 terris
562 1523 689 1586 avertite
704 1530 820 1605 pestem
830 1523 837 1588 l
848 1558 892 1571 -

102 1606 169 1669 Nec
185 1609 251 1671 visu
265 1608 371 1686 facilis,
385 1628 441 1670 nec
457 1606 540 1671 dictu
555 1607 678 1672 affabilis
692 1608 756 1671 ulli.

101 1690 276 1756 Visceribus
290 1695 464 1757 miserorum
479 1699 510 1755 et
524 1694 669 1775 sanguine
684 1693 816 1757 vescitur
830 1699 905 1757 atro.

100 1779 174 1841 Vidi
189 1786 317 1860 egomet,
333 1780 392 1841 duo
407 1778 445 1841 de
459 1799 583 1842 numero
598 1800 690 1861 quum
704 1799 828 1862 corpora
841 1785 953 1859 nostro,

101 1863 216 1927 Prensa
230 1886 321 1928 manu
333 1885 444 1946 magna
457 1863 555 1926 medio
569 1865 727 1946 resupinus
741 1865 773 1927 in
787 1869 872 1927 antro

100 1948 269 2032 Frangeret
283 1950 323 2014 ad
337 1971 452 2028 saxum,
467 1947 608 2032 sanieque
624 1970 765 2032 exspersa
778 1954 918 2013 natarent

100 2035 217 2099 Limina
229 2057 238 2113 ;
261 2034 334 2115 vidi,
348 2043 413 2100 atro
429 2057 521 2118 quum
531 2033 664 2097 membra
678 2035 801 2097 fluentia
815 2035 883 2098 tabo

100 2121 271 2202 Manderet,
287 2128 319 2184 et
333 2120 426 2204 tepidi
441 2125 604 2185 tremerent
619 2119 672 2182 sub
689 2120 826 2183 dentibus
840 2127 934 2183 artus.

99 2207 192 2270 Haud
207 2209 326 2289 impune
342 2205 462 2289 quidem
474 2208 490 2281 ;'
504 2225 560 2268 nec
575 2205 648 2267 talia
662 2225 766 2287 passus
781 2205 899 2285 Ulixes,

101 2291 255 2355 Oblitusve
272 2293 317 2354 sui
333 2298 379 2354 est
393 2290 517 2353 Ithacus
532 2289 699 2352 discrimine
715 2297 808 2354 tanto.

99 2377 179 2440 Nam
195 2378 292 2456 simul,
308 2378 443 2460 expletus
458 2375 595 2458 dapibus,
610 2375 736 2459 vinoque
760 2377 905 2459 sepultus,

100 2462 256 2526 Cervicem
271 2463 410 2525 inflexam
424 2462 533 2544 posuit,
546 2460 703 2544 jacuitque
717 2483 772 2543 per
787 2469 906 2524 antrum

97 2549 277 2627 Immensus,
293 2548 406 2611 saniem
420 2553 560 2609 eructans
576 2553 607 2608 et
621 2546 717 2608 frusta
737 2553 861 2610 cruento

98 2633 159 2696 Per
174 2655 309 2697 somnum
325 2632 484 2696 commixta
497 2651 599 2708 mero;
621 2651 686 2709 noe,
701 2652 812 2714 magna
826 2631 941 2715 precati

97 2720 241 2798 Numina,
257 2719 412 2800 sortitique
427 2718 518 2796 vices,
533 2737 595 2780 una
608 2716 739 2800 undique
755 2717 867 2781 circum

96 2805 274 2884 Fundimur,
291 2812 322 2866 et
336 2805 395 2866 telo
409 2804 511 2865 lumen
525 2803 710 2865 terebramus
725 2807 824 2881 acuto,

97 2890 221 2972 Ingens,
237 2890 316 2972 quod
331 2894 416 2951 torva
431 2888 525 2950 solum
539 2888 593 2951 sub
606 2887 705 2949 fronte
719 2887 844 2967 latebat,

96 2975 233 3058 Argolici
248 2975 346 3058 clypei
361 2980 414 3037 aut
428 2973 586 3035 Phoebeae
600 2971 745 3053 lampadis
759 2972 864 3051 instar,

97 3060 139 3122 Et
155 3061 275 3124 tandem
289 3059 361 3123 laeti
375 3058 522 3122 sociorum
536 3057 706 3120 ulciscimur
720 3056 850 3120 umbras.

99 3146 160 3209 Sed
182 3146 289 3228 fugite,
304 3167 321 3208 o
336 3144 447 3222 miseri,
461 3143 569 3225 fugito,
585 3147 675 3225 atquc
690 3141 727 3204 ab
742 3142 829 3205 litore
841 3142 944 3205 funem

96 3232 177 3293 Rum
198 3231 250 3293 ite.

96 3254 197 3395 Nam?
204 3315 299 3398 qualis
314 3319 502 3396 quantusque
519 3332 592 3376 cavo
606 3311 809 3396 Polyphemus
823 3311 855 3375 in
869 3319 955 3375 antro

96 3401 260 3483 Lanigoras
276 3398 389 3462 claudit
403 3397 545 3480 pecudes,
560 3403 651 3479 atque
666 3397 760 3458 ubera
773 3403 900 3479 pressat,

97 3486 225 3550 Centum
241 3486 289 3548 alii
305 3504 397 3546 cin-va
410 3483 484 3545 haee
499 3481 635 3545 habitant
650 3480 689 3544 ad
702 3481 790 3544 litora
804 3482 894 3564 vulgo

96 3572 217 3634 Infandi
233 3570 391 3654 Cyclopes,
406 3575 437 3631 et
451 3568 519 3631 altis
533 3566 680 3629 montibus
696 3573 807 3628 errant.

96 3657 198 3719 Tertia
207 3657 272 3739 jam
287 3655 390 3717 Lunae
406 3676 437 3717 se
453 3673 564 3717 cornua
578 3651 688 3714 lumine
704 3653 864 3735 complent,

96 3739 196 3815 Quum
211 3741 302 3805 vitam
317 3742 348 3805 in
362 3741 453 3820 silvis,
468 3740 546 3804 inter
560 3737 681 3803 deserta
702 3737 834 3802 ferarum
