2496 4334
473 308 633 356 AENEIDOS
655 309 720 355 LIB.
745 310 777 356 V.

99 462 169 526 Hoc
185 463 334 548 Helymus
348 463 433 541 facit,
447 464 503 525 hoc
520 463 587 524 aevi
601 470 736 525 maturus
751 464 892 540 Acestes,

99 547 169 611 Hoc
185 571 261 632 puer
275 549 436 625 Ascanius,
452 549 587 630 sequitur
598 568 671 628 quos
688 555 790 611 cetera
804 549 909 631 pubes.

100 632 157 695 Ille
173 655 190 695 e
207 634 330 696 concilio
343 634 443 716 multis
459 654 527 694 cum
540 633 670 695 milhbus
684 633 747 695 ibat
1111 653 1143 700 75

100 717 153 779 Ad
169 721 327 798 tumulum,
342 739 451 800 magna
465 718 581 779 medius
597 719 755 780 comitante
771 724 903 781 caterva.

100 801 161 865 Hic
177 802 236 866 duo
251 805 308 866 rite
323 825 406 866 mero
419 804 515 865 libans
530 802 683 865 carchesia
697 803 820 866 Baccho

100 886 214 950 Fundit
227 889 321 967 humi,
336 889 395 951 duo
409 888 488 950 lacte
503 909 591 966 novo,
608 888 667 950 duo
681 888 827 970 sanguine
842 908 927 951 sacro
941 906 950 963 ;

100 972 333 1056 Purpureusque
343 974 420 1056 jacit
433 975 531 1051 flores,
547 993 582 1035 ac
599 973 670 1034 talia
684 974 783 1036 fatur:

102 1055 203 1136 Salve,
219 1065 321 1121 sancte
337 1080 456 1141 parens,
472 1058 601 1134 iterum;
625 1059 750 1137 salvete,
765 1058 881 1141 recepti
1109 1076 1140 1123 eo

100 1142 315 1225 Nequidquam
330 1144 456 1221 eineres,
472 1143 647 1224 animaeque
662 1140 846 1225 umbraeque
862 1147 1016 1225 paternae.

100 1226 171 1290 Non
184 1228 269 1290 licuit
282 1229 358 1290 fines
372 1228 466 1290 Italos
480 1228 642 1309 fataliaque
659 1249 745 1307 arva,

99 1312 131 1374 N
132 1301 167 1376 ec
182 1319 283 1375 tecum
297 1313 474 1392 Ausonium,
491 1313 669 1395 quicumque
686 1319 742 1392 est,
757 1333 903 1396 quaerere
919 1309 1072 1395 Thybrim.

99 1397 228 1460 Dixerat
242 1399 328 1477 haec,
344 1399 443 1482 adytis
458 1420 551 1480 quum
564 1398 697 1460 lubricus
713 1399 818 1480 anguis
834 1399 871 1460 ab
886 1397 953 1460 imis

101 1480 225 1565 Septem
237 1483 343 1565 ingens
359 1505 460 1565 gyros,
475 1489 600 1565 septena
614 1483 774 1563 volumina,
790 1483 892 1561 traxit,

99 1567 267 1650 Amplexus
281 1568 397 1650 placide
413 1569 570 1647 tumulum,
585 1568 745 1650 lapsusque
760 1589 815 1651 per
830 1588 897 1630 aras
911 1586 920 1643 ;

101 1651 266 1716 Caeruleae
278 1654 327 1716 cui
341 1660 428 1735 terga
442 1659 541 1732 notae,
557 1654 723 1716 maculosus
739 1659 769 1715 et
784 1674 857 1716 auro

103 1737 268 1819 Squamam
281 1739 461 1801 incendebat
475 1739 585 1820 fulgor,
600 1758 657 1800 ceu
672 1739 799 1802 nubibus
814 1757 902 1801 arcus

99 1821 185 1885 Mille
194 1823 271 1906 jacit
286 1824 381 1887 varios
397 1824 522 1886 adverso
537 1824 597 1885 sole
614 1825 736 1886 colores.

99 1905 265 1990 Obstupuit
279 1909 344 1971 visu
359 1908 491 1971 Aeneas.
537 1908 593 1970 Ille
609 1909 726 1990 agmine
741 1909 830 1990 longo

100 1992 235 2056 Tandem
248 1993 327 2056 inter
341 2001 461 2076 pateras
476 2000 508 2056 et
521 1993 599 2055 levia
612 1995 719 2076 pocula
734 2014 857 2077 serpens

99 2077 278 2160 Libavitque
293 2079 396 2161 dapes,
411 2099 573 2160 rursusque
589 2079 724 2141 innoxius
739 2080 797 2141 imo

101 2160 253 2226 Successit
267 2165 391 2242 tumulo,
407 2170 439 2226 et
453 2163 578 2246 depasta
593 2165 699 2226 altaria
712 2164 809 2247 liquit.

98 2246 168 2311 Hoc
184 2249 278 2330 magis
292 2249 426 2332 inceptos
441 2249 568 2330 genitori
582 2250 729 2311 instaurat
744 2251 880 2326 honores,

98 2332 250 2413 Incertus,
267 2332 434 2396 Geniumne
448 2334 517 2412 loci,
531 2335 713 2396 famulurrme
729 2333 860 2416 parentis

99 2416 175 2480 Esse
190 2425 295 2500 putet3
319 2420 419 2481 caedit
431 2419 516 2481 binas
531 2419 569 2481 de
583 2441 665 2482 more
679 2419 828 2497 bidentes,

99 2502 215 2585 Totque
231 2524 310 2582 sues,
326 2505 449 2566 totidem
463 2505 617 2585 nigrantes
632 2513 719 2586 terga
729 2505 885 2586 juvencos.

99 2586 239 2670 Vinaque
254 2589 400 2651 fundebat
411 2590 532 2670 pateris,
549 2591 735 2672 animamque
751 2588 877 2652 vocabat

98 2672 251 2736 Anchisae
266 2675 377 2756 magni,
392 2674 559 2756 Manesque
574 2674 748 2737 Acheronte
763 2673 911 2736 remissos

99 2757 167 2820 Nec
182 2780 242 2820 non
257 2765 288 2820 et
302 2759 384 2837 socii,
400 2780 477 2842 quae
493 2760 600 2842 cuique
616 2767 662 2821 est
677 2759 771 2842 copia,
787 2758 860 2821 laeti

98 2842 187 2905 Dona
200 2843 320 2919 ferrmt,
344 2851 468 2906 onerant
483 2865 561 2922 aras,
575 2851 767 2926 mactantque
780 2845 944 2927 juveneos;

101 2927 214 2990 Ordine
230 2929 327 2991 ahena
340 2930 440 2991 locant
455 2931 515 3008 alii,
530 2931 648 3013 fusique
664 2951 718 3013 per
732 2930 855 2991 herbam

101 3011 269 3096 Subjiciunt
284 3015 403 3076 veribus
417 3036 538 3096 prunas,
554 3021 586 3077 et
600 3016 715 3078 viscera
731 3020 856 3076 torrent.

142 3098 327 3181 Exspectata
340 3099 404 3160 dies
419 3100 535 3177 aderat,
550 3121 717 3182 nonamque
733 3120 841 3161 serena

98 3182 250 3245 Auroram
264 3184 459 3246 Phaethontis
475 3185 544 3265 equi
553 3185 618 3268 jam
631 3187 698 3247 luce
714 3184 863 3247 vehebant
876 3203 885 3260 ;

97 3268 252 3350 Famaque
266 3269 406 3330 finitimos
421 3275 452 3330 et
467 3268 540 3330 clari
551 3290 659 3332 nomen
672 3269 805 3332 Acestae

99 3353 260 3415 Excierat:
284 3354 363 3415 laeto
378 3355 561 3435 complerant
574 3355 662 3417 htora
678 3360 776 3433 coetu,

98 3439 204 3500 Visuri
218 3438 392 3516 Aeneadas,
407 3460 476 3521 pars
492 3445 523 3501 et
538 3446 656 3501 certare
671 3440 778 3522 parati.

100 3523 230 3585 Munera
244 3524 388 3606 principio
403 3531 472 3586 ante
487 3526 586 3586 oculos
602 3525 740 3606 circoque
755 3526 892 3587 locantur

100 3608 139 3671 In
152 3609 261 3687 medio,
277 3609 355 3671 sacri
371 3610 512 3691 tripodes,
527 3610 696 3692 viridesque
713 3629 850 3686 coronae,

100 3694 142 3755 Et
156 3695 284 3775 palmae,
300 3695 429 3776 pretium
444 3695 614 3772 victoribus,
631 3714 784 3774 armaque,
800 3699 832 3754 et
846 3700 925 3756 ostro

100 3777 246 3842 Perfossa
261 3785 371 3857 vestes,
387 3780 503 3861 argenti
518 3779 642 3861 aurique
657 3780 803 3841 talentum
818 3797 826 3853 3
