2496 4334
107 242 172 308 196
447 260 476 306 r.
500 258 643 307 vraorrnr
664 257 809 306 uaaoms

108 413 314 496 Riparumque
329 418 409 476 toros
423 418 456 476 et
468 418 556 498 prata
569 413 703 476 recentia
717 413 788 476 rivis

107 497 279 561 Incolimus.
306 572 310 582 ⁴
327 497 388 562 Sed
403 519 466 578 vos,
483 499 509 561 si
522 499 584 561 fert
597 499 641 560 ita
655 498 744 561 corde
760 500 909 580 voluntas,

107 582 176 646 Hoc
192 590 331 667 superate
341 585 451 668 jugum
464 604 472 660 ;
495 589 527 646 et
542 584 622 646 facili
632 584 697 667 jam
713 585 831 646 tramite
845 586 958 649 sistam.
1019 645 1022 651 ,
1086 585 1088 590 ’

107 669 202 748 Dixit,
218 677 249 732 et
264 676 334 732 ante
349 670 418 731 tulit
432 689 579 752 gressum,
595 689 774 752 camposque
788 671 919 734 nitentes

107 754 247 838 Desuper
261 761 392 817 ostentat
405 774 413 829 ;
436 755 543 817 dehinc
558 774 673 817 summa
687 755 842 817 cacumina
856 756 1004 839 linquunt.

148 839 195 902 At
209 847 296 922 pater
309 840 459 902 Anchises
474 840 592 922 penitus
608 841 741 902 convalle
757 841 866 902 virenti

106 923 243 986 Inclusas
258 924 370 986 animas
386 945 587 1006 superumque
603 924 642 985 ad
656 925 757 986 lumen
777 925 871 988 ituras

107 1008 269 1071 Lustrabat
283 1010 381 1071 studio
396 1010 542 1087 recolens,
556 1030 732 1091 omnemque
748 1031 869 1073 suorum

105 1093 197 1156 Forte
213 1094 389 1157 recensebat
402 1116 559 1156 nnmerum
574 1114 717 1176 carosque
732 1102 866 1177 nepotes,

105 1178 241 1262 Fataque
256 1179 449 1262 fortunasque
466 1180 562 1242 virum
575 1199 730 1261 moresque
745 1200 921 1261 manusque.

104 1262 197 1346 Isque
212 1264 262 1326 ubi
277 1263 457 1326 tendentem·
465 1264 624 1327 adversum
639 1285 693 1346 per
708 1265 843 1345 gramina
857 1265 932 1328 vidit

103 1348 253 1427 Aeneam,
269 1349 377 1411 alacris
391 1350 504 1431 palmas
520 1355 663 1431 utrasque
679 1349 828 1426 tetendit3

105 1432 286 1516 Efflrsaeque
301 1435 386 1515 genis
400 1435 564 1518 lacrymae,
580 1441 611 1496 et
626 1455 683 1496 vox
698 1434 809 1496 excidit
823 1456 895 1497 ore:

105 1516 224 1581 Venisti
239 1518 372 1598 tandem,
388 1525 500 1601 tuaque
516 1525 690 1602 exspectata
704 1520 822 1601 parenti

104 1601 189 1665 Vicit
203 1603 261 1666 iter
276 1603 384 1665 durum
397 1603 517 1686 pietas?
538 1604 628 1666 datur
643 1625 696 1666 ora
710 1604 799 1683 tueri,

104 1685 198 1768 Nate,
213 1695 277 1767 tua,
292 1694 324 1750 et
337 1694 423 1751 notas
439 1689 542 1751 audire
555 1695 586 1751 et
600 1688 727 1752 reddere
740 1688 855 1752 voees?

106 1769 156 1835 Sic
172 1773 311 1856 equidem
325 1774 472 1836 ducebam
486 1775 584 1836 animo
599 1774 746 1856 rebarque
761 1774 908 1853 futurum,
933 1827 937 1835 .

103 1856 251 1941 Tempora
266 1859 455 1921 dinumerans
469 1879 477 1935 3
499 1879 555 1921 nec
570 1880 618 1920 me
632 1879 701 1921 mea
715 1879 788 1922 cura
801 1859 918 1921 fefellit.

89 2015 92 2018 ⁴
104 1940 186 2015 Quas
201 1964 258 2025 ego
272 1950 302 2006 tc
318 1950 415 2007 terras
430 1951 462 2006 et
476 1952 589 2027 quanta
606 1965 660 2026 per
675 1964 806 2026 aequora
820 1950 940 2007 vectum

102 2026 247 2111 Accipio!
271 2030 390 2111 quantis
400 2030 560 2112 jactatum,
575 2036 657 2106 nate,
672 2029 811 2111 periclis!

104 2111 200 2185 Quam
213 2114 316 2193 metui,
330 2136 369 2176 ne
385 2113 456 2196 quid
472 2113 585 2197 Libyae
601 2114 655 2176 tibi
669 2136 763 2196 regna
775 2112 939 2177 nocerent!

101 2196 158 2260 Ille
174 2205 295 2261 autem:
320 2199 386 2261 Tua
399 2220 459 2278 me,
475 2199 602 2281 genitor,
616 2205 670 2261 tua
685 2200 777 2262 tristis
791 2200 900 2280 imago,

104 2279 230 2364 Saepius
245 2304 416 2363 occurrens,
431 2285 505 2346 haec
520 2284 621 2346 limina
636 2284 759 2346 tendere
775 2284 887 2366 adegit.

104 2364 193 2430 Stant
206 2370 268 2431 sale
284 2368 459 2453 Thyrrheno
474 2371 594 2432 classes.
639 2369 688 2432 Da
697 2371 827 2452 jungere
843 2369 990 2448 dextram,

100 2451 161 2531 Da,
176 2454 304 2535 genitor,
320 2461 410 2537 teque
426 2456 565 2536 amplexu
578 2475 617 2516 ne
633 2455 774 2516 subtrahe
790 2460 901 2517 nostro.

102 2534 153 2600 Sic
167 2560 334 2602 memorans
350 2541 434 2621 largo
449 2540 522 2601 fletu
536 2540 623 2602 simul
637 2561 689 2602 ora
707 2540 835 2622 rigabat.

100 2621 161 2685 Ter
175 2631 301 2688 conatus
315 2625 355 2686 ibi
370 2626 444 2687 collo
459 2624 531 2686 dare
545 2624 668 2686 brachia
683 2625 811 2701 circum;

100 2705 160 2770 Ter
174 2710 287 2772 frustra
303 2730 477 2792 comprensa
491 2730 597 2772 manus
613 2710 717 2791 effugit
731 2710 840 2792 imago,

99 2790 162 2855 Par
176 2795 290 2857 levibus
305 2795 401 2857 ventis
417 2795 588 2877 volucrique
603 2795 750 2857 simillima
765 2816 876 2858 somno.

142 2878 265 2942 Interea
279 2879 362 2941 videt
375 2880 497 2942 Aeneas
512 2880 544 2941 in
558 2881 635 2942 valle
650 2880 776 2942 reducta

101 2961 258 3026 Seclusum
271 2985 375 3026 nemus
391 2971 422 3027 et
436 2965 567 3046 virgulta
580 2965 715 3028 sonantia
730 2965 820 3043 silvis,

98 3045 335 3131 Lethaeamque,
351 3048 452 3112 domos
466 3049 599 3132 placidas
614 3049 665 3133 qui
680 3055 849 3132 praenatat,
864 3070 991 3114 amnem.

98 3132 190 3196 Hunc
205 3135 318 3196 circum
331 3135 505 3197 innumerae
520 3141 626 3216 gentes
640 3135 800 3218 populique
817 3136 977 3214 volabant3

97 3217 147 3279 Ae
159 3219 242 3280 velut
255 3219 287 3279 in
301 3218 394 3301 pratis
409 3220 460 3281 ubi
475 3239 546 3301 apes
561 3225 676 3282 aestate
691 3241 798 3282 serena

97 3301 234 3364 Floribus
248 3302 381 3365 insidunt
395 3304 495 3380 variis,
511 3310 542 3366 et
557 3303 685 3367 candida
700 3305 812 3368 circum

38 3404 46 3421 ·
97 3385 174 3448 Lilia
188 3387 355 3449 funduntur
368 3408 376 3462 ;
397 3388 503 3471 strepit
518 3389 611 3452 omnis
624 3411 776 3452 mmmure
793 3410 924 3473 campus.

96 3471 255 3535 Horrescit
269 3472 335 3535 visu
349 3473 446 3535 subito
461 3493 640 3556 caussasque
656 3475 782 3556 requirit

96 3555 213 3619 Inscius
228 3557 361 3636 Aeneas,
376 3579 452 3641 quae
468 3559 528 3620 sint
543 3579 580 3621 ea
594 3559 715 3622 flumina
730 3581 827 3642 porro,

97 3638 193 3712 Quive
209 3642 265 3704 viri
279 3649 362 3705 tanto
378 3643 553 3727 complerint
562 3644 685 3724 agmine
701 3644 790 3728 ripas.

96 3724 173 3788 uun
187 3732 273 3810 pater
287 3727 457 3792 Anchises:
480 3726 622 3808 Animae,
637 3729 744 3811 quibus
759 3730 855 3793 altera
869 3729 931 3794 fato
