2496 4334
143 271 205 337 170
471 265 511 334 Ῥ.
535 289 676 335 arcemn
697 287 841 334 ursonis

143 441 219 504 Tum
233 397 366 525 rapidus,
377 440 554 524 jamdudum
570 461 642 503 arcu
657 446 798 503 contonta
810 447 915 525 parato

143 526 216 588 Tela
230 533 347 603 tenens,
362 526 486 588 fratrem
501 526 648 608 Eurytion
662 526 693 587 in
709 532 778 589 vota
792 527 920 605 vocavit,

141 612 164 674 J
165 633 213 673 am
227 632 322 674 vacuo
336 611 447 672 laetam
461 611 543 672 coelo
558 611 747 692 speculatus3
772 616 803 673 et
817 612 871 673 alis

142 695 341 758 Plaudenteffl
354 695 441 776 nigra
451 695 517 775 figit
532 695 586 757 sub
600 696 678 758 nube
694 697 869 758 columbam.

142 780 265 843 Decidit
278 779 431 858 exanimis,
446 780 597 862 vitamque
612 781 732 863 reliquit
745 781 776 842 in
791 781 878 843 astris

141 864 306 942 Aetheriis‚
320 865 469 947 fixamque
485 866 578 927 refert
593 865 715 947 delapsa
727 865 877 947 sagittam.

142 949 262 1012 Amissa
276 950 355 1012 solus
370 950 467 1032 palma
482 950 641 1032 superabat
655 948 795 1028 Acestes,

142 1033 201 1107 Qui
216 1041 316 1097 tamen
330 1035 427 1097 adrias
442 1037 535 1097 telum
550 1034 702 1097 contendit
715 1034 747 1097 in
762 1055 861 1107 auras,

143 1117 305 1182 Ostentans
320 1126 474 1202 artemque
490 1125 576 1202 pater
591 1139 752 1200 arcumque
768 1125 932 1181 sonantem.

142 1204 202 1266 Hic
216 1205 307 1279 oculis
322 1205 451 1267 subitum
466 1204 603 1286 objicitur
617 1218 782 1285 magnoque
798 1205 930 1266 futurum

141 1289 279 1369 Augurio
293 1296 477 1351 monstrum:
502 1288 603 1350 docuit
617 1294 684 1370 post
698 1289 795 1351 exitus
810 1288 926 1370 ingens,

144 1371 277 1455 Senaque
293 1375 415 1435 torrifici
430 1373 603 1435 cecinerunt
618 1373 716 1435 omina
730 1379 824 1435 vates

141 1457 281 1540 Namque
297 1459 398 1520 volans
411 1458 531 1540 liquidis
545 1457 576 1519 in
590 1458 717 1519 nubibus
731 1458 804 1519 arsit
818 1457 942 1536 arundo,

144 1541 338 1625 signavitque
354 1543 432 1605 viam
446 1541 581 1619 flammis,
597 1548 761 1624 tenuesque
776 1541 900 1604 recessit

143 1626 324 1709 Consumpta
338 1627 369 1688 in
383 1633 504 1690 ventos:
529 1627 611 1688 coelo
626 1647 683 1689 ceu
697 1647 786 1708 saepe
801 1627 895 1688 refixa

141 1711 362 1774 Transcurrrmt
376 1713 547 1794 crinemque
562 1712 692 1774 volantia
706 1712 804 1774 sidera
818 1711 942 1773 ducunt.

140 1795 286 1858 Attonitis
300 1797 423 1858 haesere
440 1797 555 1874 animis,
571 1817 751 1879 superosque
766 1797 880 1878 precati

142 1880 287 1944 Trinacrii
301 1880 469 1964 Teucrique
484 1881 559 1943 viri:
583 1901 639 1942 nec
654 1881 799 1943 maximus
813 1902 899 1943 omen

140 1964 257 2027 Abnuit
270 1965 392 2028 Aeneas
406 1986 414 2041 ;
437 1965 491 2027 sed
504 1966 616 2027 laetum
631 1966 783 2048 amplexus
797 1965 932 2029 Acesten

142 2049 319 2112 Muneribus
333 2051 465 2113 cumulat
478 2051 604 2132 magnis,
620 2069 654 2112 ac
671 2051 743 2112 talia
756 2050 857 2112 fatur:

143 2133 245 2213 Sume,
261 2141 366 2218 petor:
390 2157 460 2197 nam
477 2141 508 2196 te
524 2135 616 2197 voluit
631 2156 684 2196 rex
698 2156 824 2216 magnus
840 2133 961 2220 Olympi

140 2219 260 2282 Talibus
276 2220 413 2301 auspiciis
429 2226 575 2281 exsortem
590 2219 700 2281 ducere
715 2219 865 2281 honorem.

141 2303 239 2385 Ipsius
253 2304 405 2366 Anchisae
420 2304 556 2385 longaevi
570 2303 625 2365 hoc
640 2325 748 2365 munus
766 2304 898 2382 habebis,

142 2386 268 2450 cratem
282 2388 456 2470 impressum
472 2389 574 2470 signis,
591 2409 680 2471 quem
694 2389 838 2451 Thracius
853 2390 921 2451 olim

140 2473 291 2534 Anchisae
307 2473 434 2555 genitori
448 2475 479 2535 in
492 2494 600 2554 magno
614 2495 738 2535 munere
755 2473 874 2536 Cisseus

140 2557 233 2619 Ferre
249 2558 295 2619 sui
309 2558 435 2620 dederat
448 2564 671 2620 monumentum
686 2564 716 2620 et
730 2559 838 2640 pignus
854 2557 970 2621 amoris.

143 2638 192 2704 Sic
207 2643 287 2704 fatus
302 2643 394 2724 cingit
409 2643 548 2704 viridanti
564 2650 697 2724 tempora
710 2644 805 2720 lauro,

141 2726 183 2788 Et
197 2727 323 2808 primum
338 2733 407 2788 ante
423 2748 523 2789 omnes
538 2728 681 2789 victorem
696 2729 826 2809 appellat
839 2728 985 2790 Acesten.

140 2809 208 2872 Nec
223 2811 317 2873 bonus
332 2812 479 2895 Eurytion
494 2813 626 2894 praelato
641 2813 747 2875 invidit
761 2812 864 2875 honori
879 2833 887 2888 ;

141 2893 281 2967 Quamvis
297 2896 375 2957 solus
390 2917 476 2958 avem
491 2898 573 2957 coelo
588 2897 698 2979 dejecit
713 2898 749 2958 ab
765 2899 835 2958 alto.

140 2979 295 3041 Proximus
309 2981 477 3061 ingreditur
491 2981 586 3058 donis,
602 2981 653 3063 qui
668 2982 787 3043 vincula
802 2982 881 3063 rupit
894 3001 903 3057 ;

140 3064 311 3141 Extremus,
328 3066 441 3128 volucri
456 3067 507 3148 qui
521 3066 586 3127 fixit
601 3067 745 3127 arundine
760 3068 880 3128 malum.

181 3148 227 3210 At
240 3157 326 3230 pater
340 3149 473 3228 Aeneas,
489 3151 619 3212 nondum
634 3151 795 3212 certamine
810 3151 909 3230 misso,

141 3231 301 3294 Custodem
316 3233 355 3295 ad
370 3255 434 3297 sese
450 3236 646 3317 comitemque
662 3236 788 3317 impubis
803 3235 863 3297 Iuli

140 3315 292 3400 Epytiden
307 3326 404 3395 vocat,
420 3327 451 3380 et
465 3320 555 3380 fidam
571 3320 612 3382 sic
627 3320 709 3381 fatur
724 3320 763 3381 ad
778 3341 902 3382 aurem:

139 3401 227 3463 Vade
244 3423 311 3482 age,
328 3409 359 3464 et
372 3403 514 3481 Ascanio,
530 3405 555 3465 si
565 3405 630 3486 jam
645 3406 757 3486 puerile
773 3413 910 3486 paratum

138 3486 166 3548 A
171 3508 259 3568 gmen
273 3488 364 3549 habet
379 3509 491 3565 secum,
507 3509 670 3570 cursusque
686 3490 826 3551 instruxit
841 3511 994 3571 equorum,

138 3572 240 3633 Ducat
254 3593 309 3633 avo
324 3579 447 3650 turmas,
465 3580 496 3634 et
511 3595 575 3635 sese
592 3574 731 3636 ostendat
744 3575 776 3635 in
790 3575 890 3652 armis,

138 3656 208 3733 Dic,
223 3656 274 3717 ait.
320 3656 390 3739 Ipse
405 3680 520 3721 omnem
535 3659 623 3740 longo
639 3659 785 3720 decedere
802 3660 880 3720 circo

137 3738 274 3802 Infusum
289 3742 440 3824 populum,
456 3749 487 3804 et
503 3764 621 3825 campos
631 3744 720 3825 jubet
734 3764 799 3804 esse
815 3749 963 3824 patentes.
