2496 4334
144 251 205 314 188
480 270 509 314 e.
533 269 674 315 vmsrmr
694 267 839 314 umoris

142 419 294 483 Deficeret
308 419 398 483 tantis
413 419 496 483 navis
512 420 701 502 surgentibus
716 419 813 482 undis.

142 502 215 566 Tres
231 504 263 565 N
264 512 329 566 otus
344 505 482 567 hibernas
496 506 639 567 immensa
653 526 708 586 per
722 524 852 586 aequora
866 509 969 567 noctes

141 588 235 652 Vexit
248 611 296 650 me
312 589 458 651 violentus
473 610 572 671 aqua;
596 591 646 651 vix
659 589 769 651 lumine
787 594 893 670 quarto

141 673 285 754 Prospexi
300 673 418 735 Italiam
433 695 547 737 summa
561 674 692 736 sublimis
704 673 740 735 ab
753 673 844 735 unda.

141 757 301 818 Paullatim
316 757 462 819 adnabam
477 765 597 834 terrae;
616 759 680 841 jam
695 763 760 819 tuta
774 757 923 835 tenebam,

141 841 183 902 Ni
198 863 271 922 gens
287 841 415 904 crudelis
430 842 549 904 madida
565 863 632 904 cum
646 849 729 905 veste
747 847 913 923 gravatum,

141 926 396 1007 Prensantemque
411 927 495 988 uncis
510 927 644 989 manibus
659 926 756 1007 capita
772 947 878 1007 aspera
891 925 1010 1004 montis,

140 1009 233 1072 Ferro
247 1011 414 1088 invasisset,
429 1011 629 1093 praedamque
644 1011 749 1091 ignara
764 1016 907 1092 putasset.

141 1095 231 1156 Nunc
245 1115 292 1156 me
308 1095 415 1157 fluctus
429 1095 530 1173 habet,
546 1100 725 1176 versantque
741 1095 772 1156 in
786 1095 871 1156 litore
887 1095 979 1156 venti.

141 1178 227 1250 Quod
241 1186 271 1241 te
286 1200 339 1261 per
354 1180 428 1241 coeli
438 1179 605 1262 jucundum
618 1180 719 1240 lumen
733 1184 764 1240 et
779 1200 877 1257 auras,

140 1264 201 1325 Per
215 1264 378 1345 genitorem
393 1285 454 1342 oro,
470 1285 524 1345 per
539 1284 606 1345 spes
621 1263 768 1344 surgentis
782 1263 863 1338 Iuli;

140 1347 231 1430 Eripe
246 1368 293 1410 me
308 1349 364 1426 his,
379 1348 500 1426 invicte,
515 1348 618 1410 malis:
643 1354 695 1409 aut
709 1354 743 1408 tu
756 1348 828 1408 mihi
844 1356 954 1411 terram

140 1433 245 1516 injice,
260 1453 387 1515 namque
403 1439 498 1515 potes,
513 1439 674 1515 portusque
689 1432 807 1514 require
824 1432 968 1508 Velinos3

139 1516 206 1578 Aut
220 1524 263 1592 tu,
280 1517 304 1578 si
319 1539 378 1599 qua
392 1517 441 1579 via
456 1523 512 1594 est,
528 1517 553 1579 si
568 1537 657 1599 quam
672 1517 725 1578 tibi
740 1516 809 1577 diva
824 1518 953 1578 creatrix

142 1599 290 1680 Ostendit,
302 1637 344 1647 -
355 1622 452 1683 neque
468 1601 556 1680 enim,
574 1601 673 1679 credo,
689 1601 751 1663 sine
766 1602 885 1663 numine
901 1602 1002 1663 divum

140 1685 277 1747 Flumina
291 1692 374 1748 tanta
388 1706 475 1768 paras
492 1683 687 1769 Stygiamque
702 1686 806 1747 innare
822 1686 960 1768 paludem
971 1722 1015 1732 —

140 1769 189 1832 Da
204 1770 339 1832 dextram
353 1771 471 1848 misero,
486 1777 518 1832 et
532 1776 631 1832 tecum
642 1791 689 1832 me
705 1771 775 1832 tolle
788 1791 843 1851 per
857 1771 963 1849 undas,

143 1853 269 1916 Sedibus
283 1861 317 1916 ut
332 1856 437 1917 saltem
451 1854 575 1936 placidis
588 1854 619 1915 in
632 1861 727 1916 morte
744 1855 904 1936 quiescam.

141 1939 225 2000 Talia
238 1939 317 2001 fatus
332 1946 407 2016 erat,
423 1939 520 2021 coepit
535 1960 626 2020 quum
641 1939 713 2001 talia
727 1946 831 2001 vates:

141 2022 230 2085 Unde
247 2024 332 2101 haec,
349 2045 366 2085 o
381 2024 533 2101 Palinure,
549 2023 601 2084 tibi
617 2029 678 2085 tam
692 2023 758 2084 dira
773 2023 906 2106 cupido?

140 2107 187 2169 'lu
203 2107 323 2190 Stygias
338 2109 507 2170 inhumatus
522 2129 614 2189 aquas
629 2128 804 2189 amnemque
822 2129 960 2170 severum

140 2192 338 2254 Eumenidum
352 2192 508 2273 adspicies,
523 2193 654 2273 ripamve
669 2192 797 2275 injussus
813 2192 930 2255 adibis?

139 2276 250 2338 Desine
265 2277 328 2338 fata
343 2276 432 2338 deum
445 2276 524 2347 flecti
539 2297 659 2358 sperare
674 2277 823 2358 precando
836 2297 844 2352 ;

142 2359 203 2422 sed
218 2381 290 2443 cape
307 2360 387 2422 dicta
400 2382 522 2438 memor,
540 2360 606 2422 duri
621 2362 725 2424 solatia
743 2383 838 2424 casus.

139 2445 219 2506 Nam
234 2452 287 2507 tua
300 2445 416 2507 finitimi
429 2447 517 2526 longe
532 2446 652 2528 lateque
667 2467 721 2527 per
735 2446 835 2525 urbes,

139 2530 287 2611 Prodigiis
303 2531 362 2591 acti
378 2531 564 2608 coelestibus,
580 2551 646 2592 ossa
660 2531 794 2613 piabunt,

139 2615 180 2675 Et
195 2621 327 2676 statuent
342 2616 497 2691 tumulum,
513 2621 545 2676 et
558 2616 671 2676 tumulo
686 2614 837 2677 sollemnia
851 2616 981 2692 mittent,

138 2699 363 2780 Aeternumque
378 2701 460 2761 locus
475 2699 610 2760 Palinuri
623 2720 731 2761 nomen
745 2699 875 2760 habebit.

138 2782 196 2844 His
211 2783 297 2846 dictis
313 2804 402 2844 curae
418 2790 543 2860 emotae,
558 2784 718 2866 pulsusque
734 2804 894 2865 parumper

140 2866 236 2929 Corde
253 2867 335 2929 dolor
350 2868 446 2929 tristi:
472 2867 585 2948 gaudet
599 2868 772 2949 cognomine
788 2874 878 2929 terra.

181 2952 262 3033 Ergo
277 2952 335 3013 iter
348 2953 500 3033 inceptum
514 2959 672 3034 perag1mt‚
687 2952 834 3032 fluvioque
850 2952 1057 3034 propinquant.
1164 3016 1167 3025 ,

138 3035 249 3098 Navita
264 3057 337 3117 quos
347 3037 411 3119 jam
425 3035 494 3097 inde
509 3041 543 3096 ut
559 3035 666 3118 Stygia
680 3036 831 3118 prospexit
845 3036 882 3097 ab
898 3036 979 3099 unda

138 3120 198 3182 Per
213 3121 336 3182 tacitum
350 3121 524 3196 nemesim,
540 3120 705 3202 pedemque
721 3119 877 3182 advertere
893 3121 975 3202 ripae
989 3141 997 3196 ;

140 3204 188 3267 Sic
205 3206 283 3287 prior
298 3205 472 3286 aggreditur
487 3204 574 3266 dictis
590 3211 678 3287 atque
693 3205 829 3286 increpat
843 3205 942 3266 ultro:

139 3288 277 3370 Quisquis
293 3310 335 3366 es,
348 3296 479 3351 armatus
494 3289 545 3371 qui
558 3296 660 3352 nostra
674 3288 713 3350 ad
729 3289 851 3350 flumina
868 3289 977 3362 tendis,

137 3373 214 3435 Fare
231 3394 298 3455 age,
314 3373 385 3455 quid
400 3373 512 3452 venias,
522 3374 586 3455 jam
600 3374 698 3451 istinc,
714 3379 745 3436 et
760 3373 918 3454 comprime
938 3394 1083 3454 gressum.

137 3458 318 3521 Umbrarum
331 3458 380 3520 hic
395 3458 478 3519 locus
493 3464 549 3535 est,
567 3457 668 3520 Somni
682 3459 847 3539 Noctisque
863 3455 1005 3540 soporae:
1124 3475 1170 3522 390

139 3542 270 3625 Corpora
283 3544 351 3606 viva
365 3544 449 3604 nefas
466 3541 573 3626 Stygia
587 3549 707 3605 vectare
725 3543 835 3604 carina.

137 3628 169 3688 N
171 3649 204 3690 ec
220 3649 290 3689 vero
304 3628 435 3690 Alciden
448 3648 496 3689 me
512 3648 578 3689 sum
591 3628 720 3689 laetatus
736 3641 855 3689 euntem

137 3711 299 3793 Accepisse
313 3714 393 3790 lacu,
407 3733 463 3775 nec
478 3712 595 3774 Thesea
609 3712 844 3794 Pirithoumque,
