2496 4334
119 241 182 306 246
446 259 639 308 r.vms1n11
664 259 808 306 minorue

117 369 329 488 Procubuere3
352 413 440 476 silent
454 414 514 476 late
529 414 604 476 loca.
648 410 776 494 Percipe
792 432 891 494 porro,

119 495 198 568 Quid
213 497 357 575 dubitem,
373 505 405 560 et
419 519 496 581 quae
511 519 590 560 nunc
606 497 703 577 animo
718 497 867 559 sententia
880 503 995 580 surgat.

117 581 246 644 Aenean
260 583 351 645 acciri
365 604 478 662 omnes,
494 584 680 666 populusque
695 588 867 663 patresque,

117 664 301 748 Exposcunt,
316 668 453 750 mittique
468 669 557 746 viros,
568 668 620 750 qui
636 673 719 729 certa
733 672 896 748 reportent.

118 748 162 828 si,
178 752 231 812 tibi
246 773 323 834 quae
337 774 437 835 posco,
452 754 629 835 promittunt
639 787 682 797 —
697 773 766 813 nam
779 751 851 812 mihi
867 751 940 814 facti

115 833 210 898 Fama
224 846 271 899 sat
287 843 332 899 est
343 873 384 883 —
396 839 509 900 tumulo
524 837 626 900 videor
640 836 771 918 reperire
788 836 842 898 sub
857 836 907 899 illo

115 918 207 983 Posse
219 922 297 983 viam
311 922 350 984 ad
365 943 464 985 muros
476 929 507 984 et
521 922 637 984 moenia
651 920 818 983 Pallantea.
921 989 923 993 ¹

116 1003 279 1086 Obstupuit
293 1027 401 1088 magno
415 1007 538 1069 laudum
553 1027 711 1088 percussus
726 1026 825 1067 amore

114 1088 283 1172 Euryalus3
306 1092 392 1156 simul
406 1092 452 1154 his
467 1092 621 1154 ardentem
636 1091 743 1152 affatur
758 1090 903 1153 amicum:

113 1173 205 1236 Mene
220 1175 312 1256 igitur
327 1177 439 1239 socium
454 1177 574 1238 summis
590 1176 753 1258 adjungere
769 1175 870 1254 rebus,

112 1257 200 1338 Nise,
215 1258 318 1341 fugis?
365 1259 467 1323 Solum
481 1268 511 1322 te
527 1261 559 1322 in
573 1266 657 1322 tauta
672 1260 805 1342 pericula
819 1259 958 1324 mittam?
999 1282 1004 1287 ·

112 1341 183 1405 Non
196 1345 239 1406 ita
253 1366 300 1406 me
316 1346 442 1426 genitor,
457 1346 542 1408 benis
558 1352 693 1408 assuetus
709 1344 865 1426 Opheltes,

111 1428 287 1509 Argolicum
303 1437 448 1492 terrorem
462 1431 541 1493 inter
556 1431 721 1513 Trojaoque
736 1429 852 1492 labores

114 1509 269 1576 Sublatum
284 1514 412 1590 erudiit;
435 1535 491 1578 nec
506 1523 607 1577 tecum
622 1515 694 1576 talia
705 1515 795 1595 gessi,

111 1594 335 1678 Magnanimum
349 1597 478 1661 Aenean
493 1606 524 1662 et
538 1601 601 1662 fata
616 1606 749 1662 extrema
764 1604 903 1662 secutus:

111 1679 168 1742 Est
182 1682 240 1760 hic,
256 1690 302 1745 est
316 1683 431 1746 animus
445 1684 520 1747 lucis
535 1691 710 1760 contemtor,
726 1690 758 1745 et
771 1684 862 1746 istum

111 1763 170 1836 Qui
184 1767 245 1829 vita
259 1768 335 1829 bene
351 1769 455 1830 credat
470 1770 538 1847 emi,
556 1790 615 1851 quo
629 1769 738 1846 tendis,
752 1769 905 1832 honorem.
969 1815 972 1819 .

109 1848 202 1912 Nisus
217 1852 256 1914 ad
270 1853 363 1914 haec:
388 1853 537 1935 Equidem
552 1854 589 1915 de
605 1860 635 1915 te
650 1855 692 1915 nil
707 1855 767 1915 tale
784 1855 929 1929 verebar;

108 1934 140 1995 N
142 1956 176 1998 ec
192 1936 256 2012 fas;
278 1958 357 2000 non:
381 1937 423 2000 ita
437 1959 484 2000 me
500 1939 612 2000 referat
626 1939 680 2000 tibi
693 1959 820 2019 magnus
835 1945 974 2002 ovantem

107 2019 239 2103 Jupiter,
254 2028 307 2084 aut
322 2022 500 2105 quicumque
516 2023 608 2086 oculis
622 2023 696 2085 haec
709 2022 836 2105 adspicit
847 2024 961 2105 aequis.

108 2102 170 2166 sed
185 2107 210 2168 si
225 2107 290 2188 quis
309 2128 440 2190 -quae
456 2109 550 2170 multa
564 2108 647 2180 vides
663 2107 831 2170 discrimine
847 2109 911 2188 tali,
922 2143 966 2155 -

108 2187 141 2250 si
156 2191 223 2271 quis
237 2192 268 2252 in
282 2191 441 2253 adversum
455 2193 552 2274 rapiat
566 2213 690 2255 casusve
706 2193 829 2272 deusve,

106 2273 149 2334 To
161 2295 316 2356 superesse
332 2276 437 2338 velim:
462 2283 515 2339 tua
530 2278 592 2340 vita
606 2277 723 2359 dignior
738 2284 831 2339 aetas.

107 2356 163 2436 Sit,
176 2360 227 2440 qui
241 2381 288 2422 me
304 2367 422 2443 raptum
437 2383 538 2444 pugna
552 2363 685 2444 pretiove
697 2363 864 2424 redemtum

104 2441 231 2506 Mandet
244 2445 356 2520 humc;
380 2447 466 2508 solita
481 2454 533 2508 aut
547 2448 572 2509 si
587 2448 692 2529 quaid
707 2448 828 2509 fortuna
843 2445 968 2525 vetabit,

103 2526 232 2591 Absenti
246 2530 325 2591 ferat
338 2531 460 2594 inferias
475 2532 654 2613 decoretque
671 2532 817 2613 sepulcro.

103 2611 174 2674 Neu
188 2615 276 2676 matri
290 2616 418 2678 miserae
434 2617 509 2678 tanti
524 2617 578 2678 sim
590 2637 696 2678 caussa
708 2616 827 2694 doloris,

103 2695 187 2768 Quae
204 2706 233 2761 te
249 2700 322 2777 sola,
337 2721 423 2783 puer,
434 2701 534 2763 multis
550 2722 566 2762 e
581 2701 724 2762 matribus
740 2721 824 2778 ausa,

101 2779 310 2865 Persequitur,
325 2786 426 2866 magni
441 2807 496 2847 nec
511 2786 628 2847 moenia
643 2788 730 2847 curat
744 2784 888 2847 Acestae.

101 2865 157 2927 Ille
173 2875 293 2930 autem:
320 2868 447 2930 Oaussas
458 2871 659 2951 nequidquam
674 2870 769 2932 nectis
784 2871 900 2948 inanes,

100 2950 168 3014 Nec
183 2974 250 3015 mea
259 2955 324 3036 jam
338 2960 453 3015 mutata
467 2955 531 3016 loco
545 2955 694 3016 sententia
709 2954 799 3016 cedit.

99 3036 326 3115 Acceleremus,
348 3039 410 3113 ait3
435 3039 538 3121 vigiles
553 3039 640 3101 simul
655 3040 775 3100 excitat.
820 3037 870 3099 Illi

101 3119 275 3184 Succedunt
289 3129 469 3206 servantque
484 3125 583 3200 vices3
607 3125 733 3186 statione
749 3124 854 3185 relicta

99 3204 168 3286 Ipse
185 3226 282 3269 comes
298 3208 373 3269 Niso
389 3209 536 3288 graditur,
552 3230 714 3290 regemque
730 3209 898 3290 requirunt.

143 3289 252 3352 Cetera
266 3312 320 3373 per
335 3298 430 3354 terras
445 3314 545 3354 omnes
561 3294 699 3356 animalia
714 3314 815 3356 somno

97 3371 254 3436 Lavabant
268 3397 355 3437 curas
371 3383 402 3438 et
417 3377 507 3439 corda
521 3378 612 3440 oblita
625 3380 778 3453 laborum;

97 3459 246 3522 Ductores
262 3460 411 3522 Teucrum
426 3463 523 3543 primi,
541 3462 658 3525 delecta
668 3465 825 3546 juventus,

98 3543 259 3606 Consilium
273 3547 393 3608 summis
411 3548 496 3628 regni
511 3548 548 3609 de
561 3549 650 3610 rebus
661 3549 822 3625 habebant,

96 3627 175 3699 Quid
190 3631 336 3708 facerent,
349 3633 452 3713 quisve
465 3633 589 3694 Aeneae
601 3633 665 3715 jam
678 3635 800 3695 nuntius
816 3638 914 3708 essct3

97 3711 186 3775 Stant
200 3716 295 3796 longis
312 3716 412 3778 adnixi
426 3719 520 3780 hastis
536 3724 566 3779 et
581 3724 667 3779 scuta
683 3724 819 3780 tenentes

1110 436 1158 486 19⁰
