2496 4334
454 296 614 343 AENEIDOS
636 297 701 342 ΠΒ.
728 297 776 343 IX.

99 449 273 532 Aggeribus
287 456 403 533 septam
418 450 531 513 circum
546 456 577 512 et
590 450 757 513 fluvialibus
772 449 871 529 undis,

99 535 233 612 Invadit,
249 535 402 618 sociosque
417 535 556 597 incendia
571 536 666 617 poscit
681 541 815 612 ovantes,

97 619 203 703 Atque
218 641 339 682 manum
353 622 426 703 pinu
439 622 579 702 flagranti
593 621 726 683 fervidus
740 621 853 701 implet.

99 705 176 767 Turn
191 727 262 768 vero
276 706 452 769 incumbunt
465 724 477 768 τ’
496 712 586 788 urget
600 706 771 788 praesentia
785 706 878 768 Turni
892 725 900 781 ;

97 790 203 873 Atque
219 791 312 853 omnis
327 791 441 853 facibus
456 791 550 873 pubes
565 791 732 872 accingitur
749 791 832 852 atris.

98 875 259 958 Diripuere
273 876 353 938 focos
367 896 375 952 3
397 877 516 958 piceum
530 877 590 939 fert
604 876 718 960 fumida
731 877 832 937 lumen

98 961 212 1039 Taeda,
228 967 259 1022 et
274 962 461 1023 commixtam
476 961 633 1025 Vulcanus
649 960 688 1023 ad
704 967 785 1023 astra
799 961 940 1023 favillam.

141 1044 215 1119 eris
231 1046 316 1124 dens,
331 1067 349 1109 o
363 1046 482 1125 Musae,
495 1053 556 1108 tam
570 1067 661 1109 saeva
674 1045 813 1108 incendia
828 1045 952 1108 Teucris

97 1129 246 1193 Avertit?
269 1137 368 1194 tantos
383 1133 496 1194 ratibus
512 1132 578 1214 quis
594 1132 708 1214 depulit
722 1130 834 1212 ignes?

98 1215 218 1281 Dicite!
264 1217 369 1279 Prisca
382 1218 458 1279 fides
470 1217 561 1296 facto,
577 1218 630 1279 sed
645 1218 725 1279 fama
739 1216 888 1299 perennis.
950 1230 952 1236 ’

98 1301 244 1384 Tempore
260 1323 318 1384 quo
333 1302 460 1384 primum
475 1303 609 1386 Phrygia
623 1302 770 1364 formabat
784 1303 816 1363 in
830 1301 888 1362 Ida

98 1384 220 1449 Aeneas
236 1388 371 1465 classem,
386 1394 418 1450 et
432 1389 531 1470 pelagi
546 1395 649 1470 petere
665 1389 726 1450 alta
736 1387 872 1468 parabat,

98 1469 171 1551 Ipsa
185 1471 274 1534 deum
288 1472 385 1534 fertur
400 1474 536 1554 genetrix
551 1473 735 1556 Berecyntia
749 1492 891 1553 magnum

98 1555 231 1620 Vocibus
246 1558 292 1619 his
308 1558 396 1620 affata
410 1557 431 1620 J
433 1580 518 1620 ovem
531 1581 538 1620 :
562 1558 622 1637 Da,
637 1565 719 1637 nate,
734 1557 860 1641 petenti,

99 1638 187 1711 Quod
201 1648 254 1704 tua
269 1663 340 1705 cara
354 1664 462 1725 parens
478 1644 586 1706 domito
602 1650 632 1706 te
649 1644 745 1726 poscit
761 1642 900 1726 Olympo.

98 1725 194 1789 Pinea
208 1729 283 1790 silva
296 1728 378 1805 mihi,
393 1730 501 1791 multos
516 1729 625 1791 dilecta
640 1750 695 1811 per
710 1749 801 1790 annos
813 1748 821 1803 3

98 1809 199 1874 Lucus
213 1813 245 1874 in
260 1833 331 1875 arce
344 1814 401 1875 fuit
417 1834 542 1894 summa,
558 1835 617 1896 qno
632 1834 718 1876 sacra
732 1814 880 1890 ferebant,

98 1894 131 1957 N
131 1896 242 1978 igranti
256 1899 342 1979 picea
357 1899 548 1981 trabibusque
564 1900 706 1962 obscurus
722 1899 858 1961 acernis:

98 1980 165 2043 Has
181 2003 237 2064 ego
253 1982 404 2046 Dardanio
415 1985 531 2066 juveni,
547 2006 639 2067 quum
654 1985 756 2047 classis
772 1987 887 2065 egeret,

98 2064 195 2129 Laeta
210 2069 295 2144 dedi;
311 2089 390 2131 nunc
406 2070 561 2132 sollicitam
575 2071 663 2131 timor
675 2070 779 2131 anxius
795 2068 889 2150 angit.

100 2149 189 2214 Solve
204 2160 312 2233 metm,
327 2160 418 2236 atque
434 2155 490 2216 hoc
505 2155 646 2236 precibus
658 2155 721 2216 sine
736 2174 822 2237 posse
838 2155 1004 2237 parentem,

98 2236 170 2298 Neu
185 2259 276 2301 cursu
291 2245 448 2321 quassatae
463 2241 534 2317 ullo,
549 2261 609 2301 nou
624 2241 741 2302 turbine
757 2238 840 2301 venti

99 2322 286 2400 Vincantur;
309 2325 402 2406 prosit
416 2326 523 2386 nostris
538 2324 570 2386 in
584 2326 731 2388 montibus
746 2331 836 2387 ortas.

98 2406 192 2469 Filius
207 2408 276 2471 huic
292 2416 406 2487 contra,
418 2417 538 2491 torquet
556 2410 607 2492 qui
622 2411 721 2472 sidera
734 2409 854 2471 mundi:

100 2491 127 2553 Ο
144 2495 291 2573 genetrix,
307 2516 365 2576 quo
380 2496 443 2556 fata
457 2516 557 2573 vocas,
573 2502 625 2558 aut
641 2496 713 2578 quid
727 2495 804 2577 petis
818 2491 908 2556 istis?

98 2575 259 2641 Mortaline
274 2600 364 2641 manu
379 2581 476 2642 factae
492 2581 656 2642 immortale
669 2581 787 2643 carinae

98 2661 158 2724 Fas
173 2663 313 2742 habeant,
326 2671 485 2747 certusque
502 2666 615 2727 incerta
631 2665 765 2748 pericula
778 2665 887 2726 lustret

97 2747 247 2821 Aeneas?
292 2749 349 2811 Cui
364 2756 448 2812 tanta
463 2751 519 2812 deo
533 2751 677 2833 permissa
692 2756 823 2833 potestas
839 2748 852 2810 l

63 2897 68 2903 ,
98 2832 204 2910 Immo,
220 2834 270 2895 ubi
285 2834 445 2897 defunctae
460 2837 549 2897 finem
564 2843 726 2918 portusque
744 2835 889 2897 tenebunt

97 2917 247 2980 Ausonios
262 2920 341 2999 olim,
357 2941 562 3002 quaecumque
579 2922 707 2983 evaserit
721 2920 808 2982 undis

98 3002 344 3086 Dardaniumque
361 3005 468 3067 ducem
482 3005 645 3068 Laurentia
659 3006 775 3068 vexerit
790 3024 873 3083 arva,

97 3086 258 3150 Mortalem
273 3090 397 3171 eripiam
407 3091 542 3169 formam,
554 3091 713 3172 magnique
724 3089 836 3173 jubebo

97 3173 248 3254 Aequoris
264 3195 328 3236 esse
345 3175 428 3254 deas,
445 3177 539 3258 qualis
555 3176 670 3238 Nereia
685 3174 764 3237 Doto

98 3258 140 3319 Et
156 3256 284 3321 Galatea
299 3266 403 3322 secant
417 3268 603 3343 spumantem
618 3267 738 3343 pectore
753 3265 887 3344 pontum.

97 3343 236 3422 Dixerat,
252 3345 345 3426 idque
358 3352 456 3407 ratum
473 3345 572 3430 Stygii
588 3367 642 3429 per
653 3347 775 3408 flumina
789 3345 902 3424 fratris,

98 3428 160 3490 Per
176 3429 241 3511 pice
257 3436 405 3493 torrentes
420 3437 545 3513 atraque
560 3432 700 3512 voragine
717 3432 797 3514 ripas

96 3513 228 3592 Annuit,
244 3521 275 3576 et
288 3521 384 3577 totum
398 3524 474 3578 nutu
490 3518 658 3578 tremefecit
674 3515 845 3598 Olympum.

142 3599 225 3681 Ergo
240 3601 345 3662 aderat
359 3602 504 3683 promissa
519 3602 592 3680 dies,
605 3611 636 3663 et
650 3608 785 3682 tempora
796 3601 911 3661 Parcae

98 3685 210 3746 Debita
225 3687 423 3768 complerant:
449 3708 541 3769 quum
555 3687 649 3747 Turni
663 3686 772 3768 injuria
781 3684 912 3745 Matrem

97 3771 265 3834 Admonuit
280 3772 394 3836 ratibus
408 3772 501 3836 sacris
513 3771 662 3854 depellere
676 3769 793 3833 taedas.
