2496 4334
136 283 200 349 274
475 303 504 349 r.
529 301 671 349 vracrun
691 297 837 347 unacurs

136 454 184 517 At
197 455 298 519 Pallas
312 448 428 538 magnis
443 456 552 519 emittit
563 455 675 518 viribus
689 454 818 533 hastam,

137 539 317 623 Vaginaque
334 561 408 604 cava
422 541 587 623 fulgentem
601 540 711 623 deripit
725 560 837 602 ensem.

137 624 195 686 Illa
209 626 323 704 volans,
337 626 454 688 humeri
469 633 597 708 surgunt
612 647 672 708 qua
686 624 819 707 tegmina
833 642 959 702 summa,

137 708 259 787 Incidit,
274 716 377 792 atque,
388 710 467 773 viam
482 711 581 794 clypei
596 711 698 773 molita
711 730 767 792 per
781 728 859 786 oras,

137 792 272 856 Pandam
287 795 377 856 etiam
391 815 500 877 magno
514 795 633 858 strinxit
647 794 685 858 de
700 813 823 877 corpere
838 789 942 855 Turni.

136 876 198 940 Hic
213 878 332 941 Turnus
346 879 426 941 ferro
440 881 605 962 praefixum
620 880 711 942 robur
725 883 813 941 acuto

137 962 176 1025 In
191 962 330 1026 Pallanta
345 963 397 1025 diu
411 964 522 1026 librans
531 965 618 1047 jacit,
633 970 723 1046 atque
738 963 782 1025 ita
795 961 897 1024 fatur:

136 1046 282 1129 Adspice,
297 1069 370 1111 num
382 1069 470 1130 mage
485 1049 525 1112 sit
537 1055 672 1111 nostrum
686 1045 869 1130 penetrabile
884 1043 988 1106 telum.

136 1130 264 1194 Dixerat
277 1151 285 1208 ;
309 1139 341 1194 at
356 1133 505 1216 clypeum,
520 1139 565 1196 tot
578 1133 651 1195 ferri
664 1138 763 1214 terga,
777 1136 822 1193 tot
836 1128 925 1209 aeris,

137 1214 237 1288 Quum
252 1217 336 1298 pellis
351 1218 439 1280 toties
454 1211 542 1281 obeat
556 1216 743 1280 circumdata
753 1214 843 1294 tauri,

136 1299 277 1363 Vibranti
291 1301 423 1363 medium
437 1302 536 1385 cuspis
551 1302 774 1364 transverberat
786 1301 860 1377 ictu,

136 1383 322 1467 Loricaeque
336 1406 434 1449 moras
450 1393 481 1449 et
494 1394 600 1469 pectus
614 1386 748 1469 perforat
760 1385 877 1466 ingens.

136 1468 192 1532 Hle
208 1470 287 1552 rapit
302 1470 431 1532 calidum
444 1471 557 1535 fmstra
571 1472 610 1533 de
621 1471 745 1533 vulnere
760 1470 873 1532 telum:

136 1553 208 1616 Una
222 1554 387 1638 eademque
402 1555 452 1617 via
466 1556 587 1638 sanguis
601 1556 776 1638 animusque
791 1556 969 1636 sequuntur.

138 1636 257 1700 Corruit
270 1639 437 1715 invulnus;
459 1641 587 1703 sonitum
602 1660 693 1724 super
706 1659 789 1702 arma
803 1636 914 1701 dedere
928 1653 937 1712 ;

136 1721 179 1784 Et
192 1728 304 1785 terram
317 1724 454 1786 hostilem
468 1725 595 1789 moriens
609 1725 751 1808 petitore
767 1728 900 1787 cruento.

137 1806 233 1880 Quem
249 1807 368 1871 Turnus
383 1829 473 1892 super
483 1810 641 1889 adsistens,

135 1891 284 1971 Arcades,
299 1893 387 1972 haec,
401 1893 509 1976 inquit,
520 1915 665 1957 memores
680 1914 748 1956 mea
762 1892 843 1956 dicta
856 1888 970 1953 referte

136 1974 298 2039 Evandro:
322 1976 448 2050 Qualem
462 1979 582 2057 meruit,
596 1979 735 2041 Pallanta
749 1977 878 2041 remitto.

136 2058 277 2144 Quisquis
291 2062 383 2124 honos
397 2064 513 2142 tumuli,
529 2063 675 2146 quidquid
689 2065 822 2126 solamen
836 2057 980 2122 humandi
994 2061 1051 2136 est,
1162 2070 1165 2075 ·

135 2143 271 2228 Largior.
317 2146 410 2209 Haud
424 2147 467 2209 illi
481 2149 603 2211 stabunt
618 2148 736 2211 Aeneia
750 2166 842 2230 parvo

135 2229 284 2313 Hospitia.
329 2230 372 2292 at
384 2232 471 2294 laevo
485 2233 594 2314 pressit
607 2232 696 2316 pede,
709 2233 781 2295 talia
794 2231 886 2308 fatus,

136 2313 322 2394 Exanimem,
338 2315 456 2399 rapiens
471 2316 610 2380 immania
624 2317 756 2399 pondera
769 2314 872 2392 baltei,

135 2398 377 2482 Impressumque
392 2401 497 2464 nefas:
521 2423 582 2464 una
597 2403 651 2464 sub
666 2407 754 2464 nocte
764 2400 862 2483 jugali

136 2481 233 2546 Caesa
246 2505 351 2546 manus
361 2485 508 2567 juvenum
521 2487 620 2565 foede,
636 2486 816 2567 thalamique
832 2482 968 2559 cruenti3

135 2565 220 2640 Quae
237 2567 348 2631 Clonus
363 2570 526 2653 Eurytides
539 2573 633 2634 multo
648 2572 818 2634 caelaverat
833 2588 916 2630 auro.

136 2650 201 2724 Quo
216 2673 296 2715 nunc
312 2653 430 2716 Turnus
445 2662 515 2718 ovat
529 2656 620 2739 spolio
636 2655 808 2737 gaudetque
823 2652 944 2735 potitus.

134 2735 248 2799 Nescia
262 2758 346 2800 mens
360 2737 511 2802 hominum
525 2741 580 2803 fati
595 2741 740 2822 sortisque
755 2740 888 2810 futurae,

135 2819 176 2882 Et
190 2842 310 2884 servare
325 2823 455 2902 modurn,
471 2825 559 2888 rebus
575 2826 692 2887 sublata
708 2821 866 2886 secundis!

134 2904 234 2969 Turno
248 2913 366 2989 tempus
382 2908 449 2986 erit,
462 2930 570 2991 magno
586 2931 678 2991 quum
690 2908 838 2991 optaverit
853 2910 965 2968 emtum

133 2988 286 3053 Intactum
301 2991 450 3071 Pallanta,
466 2999 498 3055 et
512 3015 604 3076 quum
618 2994 712 3076 spolia
725 2993 784 3056 ista
798 2991 937 3074 diemque

135 3072 251 3137 Oderit.
295 3076 342 3139 At
355 3077 428 3140 socii
442 3080 534 3141 multo
549 3079 664 3161 gemitu
679 3077 878 3160 lacrymisque

132 3157 308 3241 Impositum
324 3167 409 3224 scuto
425 3164 561 3225 referunt
575 3163 714 3225 Pallanta
728 3162 912 3243 frequentes.

134 3239 161 3304 Ο
178 3242 260 3306 dolor
274 3252 364 3328 atque
380 3244 473 3310 decus
486 3269 627 3329 magnum
641 3247 773 3309 rediture
788 3241 926 3328 parenti!

132 3325 221 3390 Haec
236 3335 266 3390 te
283 3330 379 3412 prima
393 3330 456 3393 dies
471 3331 549 3395 bello
564 3332 658 3411 dedit,
669 3332 744 3394 haec
760 3330 866 3393 eadem
880 3327 991 3405 aufert,

133 3409 233 3484 Quum
247 3419 348 3476 tamen
363 3414 501 3497 ingentes
516 3417 698 3479 Rutulorum
711 3415 820 3498 linquis
836 3409 988 3504 acervosll

175 3496 243 3560 Nec
253 3499 317 3581 jam
332 3499 411 3562 fama
425 3502 495 3563 mali
510 3503 597 3581 tanti,
613 3501 666 3564 sed
682 3501 791 3564 certior
805 3505 909 3562 auctor

131 3580 265 3645 Advolat
278 3583 415 3664 Aeneae,
427 3586 510 3649 tenui
525 3587 693 3649 discrimine
709 3586 763 3648 leti

132 3665 209 3729 Esse
226 3688 315 3730 suos:
338 3675 466 3753 tempus,
478 3672 571 3734 versis
586 3690 762 3733 succurrere
777 3667 911 3732 Teucris.
995 3693 998 3698 ·

131 3747 271 3814 Proxima
286 3774 422 3837 quaeque
436 3757 525 3819 metit
539 3756 649 3839 gladio,
664 3755 817 3838 latumque
831 3774 886 3837 per
901 3775 1010 3838 agmen
