2496 4334
448 303 630 350 Gnosiacos
656 303 721 348 LIB
748 301 801 349 111.

107 455 187 520 Sed
173 463 259 543 Jtace
274 478 337 539 ag
296 457 481 540 ‹r‘geribus
452 458 548 520 mveis
563 457 743 520 informiset
757 458 818 520 alto

105 482 194 607 Terra
209 546 282 627 gelu
296 545 370 622 late,
386 551 561 627 septemque
577 543 708 624 assurgit
722 543 753 604 in
695 544 875 618 t3ulnas
1100 562 1147 610 355

104 627 230 712 Semper
244 630 351 707 hiems,
366 650 486 712 semper
500 630 647 712 spirantes
662 629 775 711 frigora
791 589 893 691 Cauri
1203 620 1211 636 ’

101 715 176 776 Tum
190 716 236 778 sol
251 716 365 798 pallent
366 736 398 777 es
353 715 496 778 thaud
510 735 643 797 unquam
660 714 765 776 discut'
745 721 783 776 tn
797 714 929 791 umbras,

99 800 166 863 Nec
184 822 280 883 quum
294 800 430 863 invectus
445 801 530 882 equis
546 802 639 863 altum
654 800 730 882 petit
745 800 888 874 aethera3
911 818 968 861 noc
984 819 1077 881 quum

98 885 302 968 Praecipitem
319 884 434 948 Oceani
448 888 538 948 rubro
553 886 628 948 lavit
642 896 771 967 aequore
789 905 922 947 currum.

98 971 307 1034 Concrescunt
321 972 436 1034 subitae
452 972 586 1034 currenti
600 971 632 1033 in
644 971 765 1032 flumine
782 977 914 1049 crustae,
1099 987 1146 1035 :tto

98 1056 253 1140 Undaque
265 1058 330 1141 jam
344 1065 430 1139 tergo
445 1058 572 1120 ferratos
587 1057 714 1119 sustinet
728 1056 826 1134 orbes,

97 1142 256 1225 Puppibus
270 1143 323 1205 illa
336 1143 429 1225 prius,
444 1144 554 1226 patulis
570 1163 649 1204 nnnc
664 1142 782 1224 hospita
797 1140 949 1224 plaustris.

97 1227 245 1310 Aeraque
261 1227 409 1291 dissiliunt
423 1231 524 1310 vulgo,
541 1235 700 1309 vestesque
716 1227 871 1308 rigescunt

98 1313 246 1390 Indutae,
262 1313 452 1396 caeduntque
468 1315 621 1377 securibus
635 1313 758 1375 humida
773 1313 853 1390 vina,

99 1399 140 1461 Et
155 1405 239 1462 totae
254 1399 378 1462 solidam
392 1400 424 1463 in
438 1401 564 1482 glaciem
580 1406 699 1462 vertere
713 1399 851 1478 lacunae,

101 1483 254 1567 Stiriaque
269 1484 393 1568 impexis
407 1486 542 1555 induruit
556 1484 678 1547 horrida
690 1484 801 1547 barbis.

99 1570 226 1632 Interea
240 1577 302 1633 toto
318 1592 378 1632 non
394 1572 491 1634 secius
507 1573 578 1633 ae're
594 1570 732 1650 ninguit:

99 1654 262 1718 Intereunt
276 1656 419 1739 pecudes,
435 1663 517 1719 stant
532 1657 714 1718 circumfusa
728 1654 841 1738 pruinis

100 1740 236 1824 Corpora
249 1763 360 1824 magna
374 1742 483 1818 boum;
507 1743 701 1824 confertoque
717 1741 835 1823 agmine
851 1740 934 1804 cervi

99 1826 235 1910 Torpent
248 1828 325 1890 mole
339 1849 427 1906 nova,
442 1834 474 1890 et
488 1827 610 1890 summis
624 1827 675 1888 vix
690 1827 828 1889 cornibus
843 1833 973 1890 exstant.

99 1912 169 1975 Hos
182 1935 243 1975 non
257 1913 393 1976 immissis
409 1913 543 1990 canibuS,
558 1935 619 1975 non
634 1912 766 1975 cassibus
781 1913 860 1992 ullis,
959 1984 962 1990 ,

100 1998 292 2061 Puniceaeve
308 2000 425 2081 agitant
439 1998 562 2082 pavidos
577 1999 733 2060 formidine
749 1998 880 2081 pinnae:

102 2082 167 2146 Sed
181 2084 294 2147 frustra
309 2085 475 2168 oppositum
491 2084 647 2146 trudentes
663 2091 784 2166 pectore
802 2091 932 2146 montem

101 2168 274 2232 Comminus
288 2170 469 2233 obtruncant
483 2171 574 2248 ferre,
591 2170 783 2252 graviterque
800 2169 942 2232 rudentes

101 2253 253 2333 Caedunt,
270 2261 301 2317 et
314 2277 423 2337 magno
437 2256 510 2317 laeti
526 2257 654 2318 clamore
670 2261 835 2338 reportant.

99 2340 166 2422 Ipsi
180 2340 213 2402 in
227 2340 350 2403 defossis
365 2342 513 2423 specubus
528 2362 636 2403 secura
651 2341 705 2402 snb
722 2341 783 2402 alta

102 2424 175 2488 Otia
192 2438 286 2508 agunt
301 2434 393 2504 terra,
410 2433 612 2509 congestaque
630 2428 736 2488 robora
751 2432 890 2509 totasque

99 2511 275 2573 Advolvere
290 2512 365 2574 focis
379 2513 484 2589 ulmos,
499 2513 621 2594 ignique
637 2512 760 2574 dedere.

100 2597 163 2660 Hic
180 2604 300 2660 noctem
313 2598 385 2659 ludo
400 2598 525 2676 ducunt,
542 2607 572 2660 et
587 2597 695 2680 pocula
708 2597 782 2659 laeti

101 2683 265 2745 Fermento
281 2690 372 2765 atque
388 2684 480 2745 acidis
495 2683 650 2745 imitantur
664 2684 746 2746 vitea
764 2682 867 2744 sorbis.
966 2703 969 2707 ’

101 2769 185 2830 Talis
200 2769 399 2851 Hyperboreo
417 2767 539 2850 Septem
555 2770 690 2852 subjecta
705 2768 793 2830 trioni

102 2853 187 2916 Gens
202 2855 315 2916 effrena
330 2855 426 2915 virum
442 2854 577 2936 Rhipaeo
593 2855 729 2916 tunditur
745 2854 838 2930 Euro,

102 2939 145 3003 Et
160 2939 312 3021 pecudum
326 2940 414 3001 fulvis
429 2940 567 3002 velantur
583 2961 707 3022 corpora
722 2939 803 3000 setis.

146 3023 180 3086 si
195 3025 249 3087 tibi
264 3025 400 3086 lanitium
415 3046 505 3087 curae
520 3048 527 3087 ε
553 3027 679 3107 primum
695 3045 802 3106 aspera
816 3023 891 3085 silva

102 3110 287 3192 Lappaeque
303 3109 464 3192 tribulique
480 3111 579 3172 absint
592 3131 599 3185 ;
622 3111 694 3191 fuge
710 3110 820 3192 pabula
834 3109 935 3184 laeta3

103 3195 312 3277 Continuoque
328 3216 438 3277 greges
453 3196 529 3258 villis
544 3197 611 3277 lege
627 3197 762 3257 mollibus
777 3195 868 3256 albos.

69 3314 74 3322 ·
102 3280 193 3342 Illum
209 3288 321 3359 autern,
337 3281 472 3363 quamvis
487 3282 564 3343 aries
580 3282 618 3343 sit
634 3281 779 3343 candidus
794 3280 870 3362 ipse,

102 3365 202 3447 Nigra
217 3367 321 3429 subest
334 3366 394 3428 udo
410 3372 526 3427 tantum
542 3367 590 3428 cui
605 3367 708 3447 lingua
723 3367 834 3448 palato,

102 3451 168 3534 Rej
162 3472 219 3529 icc,
236 3473 274 3513 ne
289 3452 413 3513 maculis
428 3452 558 3514 infuscet
574 3453 685 3513 vellera
701 3452 788 3533 pullis

102 3535 239 3599 Nascent
227 3543 312 3613 t3um
328 3538 483 3635 plenoque
499 3539 590 3599 alium
606 3538 732 3599 circums
719 3537 799 3618 spice
817 3556 931 3618 campo.

102 3621 270 3684 Munere
248 3643 290 3684 s1c
306 3623 393 3685 niveo
408 3624 507 3701 lanae,
523 3645 548 3684 si
539 3623 687 3684 credere
704 3623 828 3704 dignum
844 3627 900 3700 est,

103 3707 169 3769 Pan
185 3708 259 3769 deus
275 3707 428 3770 Arcadiae
445 3716 564 3790 captam
579 3715 621 3786 te,
637 3708 734 3785 Luna,
750 3706 868 3782 fefellit,

102 3791 140 3854 In
153 3813 279 3855 nemora
293 3794 354 3855 alta
369 3814 478 3855 vocans
492 3814 578 3869 gneo
594 3801 628 3855 tu
644 3798 785 3875 aspernat
785 3813 803 3853 a
772 3795 985 3853 tvooantem.

449 3880 468 3939 6
