2496 4334
105 270 167 332 214
433 287 461 331 r.
484 285 626 331 vraomn
651 283 796 330 nasonis

103 437 196 500 Hunc
212 438 304 500 decus
320 439 474 520 egregium
488 438 600 500 formae
615 442 819 518 movebatque
830 437 986 518 juventae,

103 524 195 585 Hunc
211 524 292 586 atavi
307 544 404 605 reges,
417 524 496 586 huno
512 523 599 585 claris
615 523 740 584 dextera
753 521 851 584 factis.

146 607 227 669 Dum
242 607 360 670 Turnus
375 609 503 670 Rutulos
519 609 622 670 animis
637 606 799 669 audacibus
813 607 927 690 implet,

104 691 224 754 Allecto
239 693 270 754 in
285 692 416 755 Teucros
433 691 546 776 Stygiis
561 714 593 755 se
609 692 740 755 concitat
753 693 816 754 alis.

103 777 181 838 Arte
197 798 283 856 nova,
299 779 453 861 speculata
467 779 575 855 locum,
591 799 649 860 quo
663 778 749 839 litore
765 777 889 860 pulcher

104 862 223 924 Insidiis
239 883 387 945 cursuque
403 863 483 925 feras
498 864 632 945 agitabat
645 862 741 939 Iulus,

104 946 164 1008 Hic
180 947 309 1009 subitam
323 949 445 1010 canibus
460 949 573 1010 rabiem
589 947 714 1030 Cocytia
726 947 811 1029 virgo

104 1029 226 1114 Objicit,
243 1039 274 1094 et
288 1039 357 1095 noto
372 1053 460 1096 nares
475 1033 621 1114 contingit
639 1032 740 1108 odore,

103 1115 148 1178 Ut
163 1137 284 1179 cervum
299 1118 438 1180 ardentes
454 1124 596 1199 agerent:
621 1137 698 1199 quae
713 1117 809 1199 prima
821 1116 957 1179 laborum

104 1200 218 1264 Caussa
232 1203 300 1280 fuit,
314 1204 450 1285 belloque
467 1203 579 1264 animos
595 1200 732 1264 accendit
747 1207 892 1282 agrestes.

104 1285 219 1349 Cervus
235 1294 301 1349 erat
315 1287 410 1349 forma
424 1287 587 1369 praestanti
603 1293 634 1348 et
649 1287 786 1348 cornibus
801 1287 918 1368 ingens,

102 1371 268 1452 Tyrrhidae
284 1373 369 1454 pueri
384 1393 474 1454 quem
492 1373 595 1434 matris
610 1372 647 1434 ab
662 1372 753 1433 ubere
767 1377 886 1453 raptum

102 1455 268 1518 Nutribant
283 1458 493 1539 'lymheusque
509 1464 606 1540 pater,
622 1457 671 1520 cui
684 1456 769 1538 regia
782 1461 890 1539 parent

101 1541 250 1603 Armenta
265 1549 296 1604 ot
309 1543 370 1604 late
386 1542 520 1604 custodia
536 1543 651 1605 credita
666 1542 772 1624 campi.

101 1624 266 1688 Assuetum
281 1628 411 1710 imperiis
426 1649 508 1690 soror
522 1629 601 1690 omni
618 1625 710 1689 Silvia
725 1647 798 1689 cura

101 1710 241 1773 Mollibus
255 1713 391 1774 intexens
407 1713 532 1775 ornabat
547 1734 658 1775 cornua
672 1713 770 1790 sertis,

101 1794 305 1880 Pectebatque
322 1798 428 1876 ferum,
444 1820 577 1880 puroque
593 1799 624 1860 in
638 1797 719 1860 fonte
733 1796 864 1860 lavabat.

99 1881 167 1959 Ille,
182 1903 303 1944 manum
317 1883 433 1965 patiens
448 1904 627 1965 mensaeque
643 1889 779 1944 assuetus
792 1882 890 1962 herili,

101 1964 231 2029 Errabat
245 1969 336 2046 silvis,
352 1989 514 2050 rursusque
530 1969 568 2030 ad
583 1968 684 2030 limina
698 1973 769 2030 nota

100 2051 170 2133 Ipse
187 2053 306 2115 domum
321 2074 388 2116 sera
403 2054 538 2135 quamvis
553 2075 585 2116 se
600 2059 687 2115 nocte
703 2053 829 2115 ferebat.

100 2136 191 2199 Hunc
206 2139 309 2220 procul
325 2145 474 2200 errantem
489 2139 610 2201 rabidae
625 2138 761 2200 venantis
779 2138 845 2199 Iuli-

100 2220 292 2284 Oommovere
309 2243 410 2300 canes,
426 2224 515 2285 fluvio
530 2245 623 2305 quum
637 2224 714 2286 forte
730 2223 861 2289 secundo

99 2305 265 2386 Deflueret,
280 2308 405 2390 ripaque
421 2313 520 2370 aestus
536 2309 683 2370 viridante
697 2310 822 2370 levaret.

98 2391 169 2473 Ipse
185 2393 286 2471 etiam,
303 2394 426 2455 eximiae
441 2394 538 2456 laudis
553 2414 714 2456 succensus
729 2413 839 2472 amore,

98 2475 248 2539 Ascanius
265 2499 356 2540 curvo
372 2479 480 2540 direxit
497 2480 610 2562 spicula
625 2498 738 2554 cornu;

98 2560 131 2623 N
132 2583 166 2624 ec
183 2563 306 2625 dextrae
322 2565 434 2625 erranti
449 2564 523 2627 deus
539 2565 623 2641 afuit,
636 2569 763 2645 actaque
775 2563 868 2624 multo

99 2647 219 2729 Perque
235 2655 353 2709 uterum
369 2649 466 2711 sonitu
481 2671 593 2733 perque
608 2650 660 2711 ilia
673 2649 755 2710 venit
770 2647 893 2710 arundo.

101 2729 226 2794 Saucius
244 2739 275 2794 at
290 2734 460 2817 quadrupes
475 2743 546 2798 nota
561 2736 639 2796 intra
654 2740 735 2796 tecta
749 2732 872 2813 refugit,

101 2815 311 2900 Successitque
327 2840 449 2899 gemens
465 2821 600 2897 stabulis,
616 2825 783 2901 questuque
800 2821 943 2880 cruentus

98 2900 202 2983 Atque
217 2903 385 2984 imploranti
400 2904 501 2966 similis
516 2911 629 2967 tectum
644 2924 729 2966 omne
745 2903 891 2984 replebat.

101 2984 193 3048 Silvia
207 2988 303 3069 prima
317 3010 410 3066 soror,
425 2991 529 3071 palmis
544 3009 686 3072 percussa
699 2990 839 3066 lacertae,

97 3070 253 3133 Auxilium
269 3080 356 3135 vocat
371 3080 402 3135 et
416 3075 506 3137 duros
522 3076 688 3137 conclamat
703 3079 847 3154 agrestes.

100 3155 171 3234 Olli,
188 3158 279 3238 pestis
295 3159 374 3220 enim
388 3161 486 3221 tacitis
501 3160 576 3221 latet
591 3179 697 3241 aspera
711 3158 803 3237 silvis,

98 3240 256 3321 Improvisi
271 3243 390 3320 adsunt,
405 3245 454 3306 hic
470 3251 549 3306 torre
565 3249 697 3306 armatus
712 3244 827 3322 obusto,

100 3324 215 3408 Stipitis
231 3327 278 3388 hic
295 3328 411 3408 gravidi
425 3329 509 3391 nodis
524 3350 531 3405 ;
555 3329 635 3410 quod
650 3329 756 3410 cuique
772 3334 925 3410 repertum

97 3411 242 3488 Rimanti,
258 3412 351 3473 telum
365 3413 411 3475 ira
426 3415 509 3476 facit.
555 3414 655 3477 Vocat
669 3414 789 3494 agmina
802 3413 967 3496 Tyrrheus,
995 3485 997 3489 ι

98 3496 304 3569 Quadrifidam
321 3519 465 3580 quercum
480 3499 582 3561 cuneis
597 3506 631 3560 ut
646 3499 722 3561 forte
739 3499 849 3560 coactis

100 3579 273 3660 Scindebat,
288 3590 376 3664 rapta
391 3585 505 3666 spirans
520 3585 647 3646 immane
667 3584 775 3645 securi.

95 3665 142 3727 At
157 3687 247 3728 saeva
263 3689 279 3730 e
295 3669 423 3751 speculis
437 3671 555 3732 tembus
570 3669 717 3730 ‹leanacta
732 3667 859 3730 nocendi

96 3750 207 3813 Ardua
222 3757 303 3815 tecta
318 3754 393 3836 petit
408 3755 527 3834 stabuli,
543 3761 574 3816 et
589 3754 626 3815 de
643 3754 770 3815 culmine
786 3773 900 3816 summo
