<?xml version="1.0" encoding="UTF-8"?>
<!DOCTYPE html PUBLIC "-//W3C//DTD XHTML 1.0 Transitional//EN"
    "http://www.w3.org/TR/xhtml1/DTD/xhtml1-transitional.dtd">
<html xmlns="http://www.w3.org/1999/xhtml" xml:lang="en" lang="en">
 <head>
  <title>
</title>
<meta http-equiv="Content-Type" content="text/html;charset=utf-8" />
  <meta name='ocr-system' content='tesseract 3.04.00' />
  <meta name='ocr-capabilities' content='ocr_page ocr_carea ocr_par ocr_line ocrx_word'/>
</head>
<body>
  <div class='ocr_page' id='page_1' title='image "./bucolicsgeorgic00virggoog_0124.png"; bbox 0 0 2496 4334; ppageno 0'>
   <div class='ocr_carea' id='block_1_1' title="bbox 463 256 1135 322">
    <p class='ocr_par' dir='ltr' id='par_1_1' title="bbox 463 256 1135 322">
     <span class='ocr_line' id='line_1_1' title="bbox 463 256 1135 322; baseline 0.003 -3"><span class='ocrx_word' id='word_1_1' title='bbox 463 274 623 321; x_wconf 78' lang='lat' dir='ltr'>suumnos</span> <span class='ocrx_word' id='word_1_2' title='bbox 646 274 710 320; x_wconf 82' lang='lat' dir='ltr'>mn.</span> <span class='ocrx_word' id='word_1_3' title='bbox 733 274 771 319; x_wconf 91' lang='lat'>11.</span> <span class='ocrx_word' id='word_1_4' title='bbox 1072 256 1135 322; x_wconf 89' lang='grc'>113</span> 
     </span>
    </p>
   </div>
   <div class='ocr_carea' id='block_1_2' title="bbox 96 426 1222 3829">
    <p class='ocr_par' dir='ltr' id='par_1_2' title="bbox 98 426 942 510">
     <span class='ocr_line' id='line_1_2' title="bbox 98 426 942 510; baseline -0.002 -20"><span class='ocrx_word' id='word_1_5' title='bbox 98 426 178 490; x_wconf 83' lang='lat' dir='ltr'>Cum</span> <span class='ocrx_word' id='word_1_6' title='bbox 192 426 315 490; x_wconf 89' lang='lat' dir='ltr'>stabulis</span> <span class='ocrx_word' id='word_1_7' title='bbox 329 432 465 490; x_wconf 89' lang='lat' dir='ltr'>armenta</span> <span class='ocrx_word' id='word_1_8' title='bbox 479 428 581 490; x_wconf 85' lang='lat' dir='ltr'>trahit.</span> <span class='ocrx_word' id='word_1_9' title='bbox 627 427 700 492; x_wconf 91' lang='lat' dir='ltr'>Vidi</span> <span class='ocrx_word' id='word_1_10' title='bbox 714 429 777 510; x_wconf 90' lang='lat' dir='ltr'>ipse</span> <span class='ocrx_word' id='word_1_11' title='bbox 792 427 942 490; x_wconf 88' lang='lat' dir='ltr'>furentem</span> 
     </span>
    </p>

    <p class='ocr_par' dir='ltr' id='par_1_3' title="bbox 97 511 1136 595">
     <span class='ocr_line' id='line_1_3' title="bbox 97 511 1136 595; baseline 0.003 -20"><span class='ocrx_word' id='word_1_12' title='bbox 97 511 200 575; x_wconf 80' lang='lat' dir='ltr'>Caede</span> <span class='ocrx_word' id='word_1_13' title='bbox 217 512 458 595; x_wconf 81' lang='lat' dir='ltr'>Neoptolemum,</span> <span class='ocrx_word' id='word_1_14' title='bbox 475 514 666 594; x_wconf 89' lang='lat' dir='ltr'>geminosque</span> <span class='ocrx_word' id='word_1_15' title='bbox 681 514 712 574; x_wconf 90' lang='lat' dir='ltr'>in</span> <span class='ocrx_word' id='word_1_16' title='bbox 726 513 825 575; x_wconf 91' lang='lat' dir='ltr'>limine</span> <span class='ocrx_word' id='word_1_17' title='bbox 840 512 977 575; x_wconf 89' lang='lat' dir='ltr'>Atridas.</span> <span class='ocrx_word' id='word_1_18' title='bbox 1088 528 1136 578; x_wconf 85' lang='lat'>500</span> 
     </span>
    </p>

    <p class='ocr_par' dir='ltr' id='par_1_4' title="bbox 96 597 1036 680">
     <span class='ocr_line' id='line_1_4' title="bbox 96 597 1036 680; baseline 0.001 -20"><span class='ocrx_word' id='word_1_19' title='bbox 96 597 173 660; x_wconf 89' lang='lat' dir='ltr'>Vidi</span> <span class='ocrx_word' id='word_1_20' title='bbox 185 597 344 660; x_wconf 79' lang='lat' dir='ltr'>Hecubam</span> <span class='ocrx_word' id='word_1_21' title='bbox 359 604 538 680; x_wconf 90' lang='lat' dir='ltr'>centumque</span> <span class='ocrx_word' id='word_1_22' title='bbox 554 619 657 676; x_wconf 78' lang='lat' dir='ltr'>ninus,</span> <span class='ocrx_word' id='word_1_23' title='bbox 674 599 884 680; x_wconf 81' lang='lat' dir='ltr'>Priamumque</span> <span class='ocrx_word' id='word_1_24' title='bbox 900 619 955 680; x_wconf 91' lang='lat' dir='ltr'>per</span> <span class='ocrx_word' id='word_1_25' title='bbox 968 615 1036 661; x_wconf 79' lang='lat' dir='ltr'>aras</span> 
     </span>
    </p>

    <p class='ocr_par' dir='ltr' id='par_1_5' title="bbox 99 680 923 766">
     <span class='ocr_line' id='line_1_5' title="bbox 99 680 923 766; baseline 0.001 -22"><span class='ocrx_word' id='word_1_26' title='bbox 99 680 253 763; x_wconf 81' lang='lat' dir='ltr'>Sanguine</span> <span class='ocrx_word' id='word_1_27' title='bbox 268 682 449 761; x_wconf 80' lang='lat' dir='ltr'>foedantem,</span> <span class='ocrx_word' id='word_1_28' title='bbox 465 704 538 765; x_wconf 91' lang='lat' dir='ltr'>quos</span> <span class='ocrx_word' id='word_1_29' title='bbox 552 684 616 766; x_wconf 90' lang='lat' dir='ltr'>ipse</span> <span class='ocrx_word' id='word_1_30' title='bbox 631 690 813 761; x_wconf 78' lang='lat' dir='ltr'>sacraverat,</span> <span class='ocrx_word' id='word_1_31' title='bbox 828 684 923 765; x_wconf 89' lang='lat' dir='ltr'>ignes.</span> 
     </span>
    </p>

    <p class='ocr_par' dir='ltr' id='par_1_6' title="bbox 98 766 877 851">
     <span class='ocr_line' id='line_1_6' title="bbox 98 766 877 851; baseline 0.003 -23"><span class='ocrx_word' id='word_1_32' title='bbox 98 766 323 850; x_wconf 77' lang='lat' dir='ltr'>Quinquaginta</span> <span class='ocrx_word' id='word_1_33' title='bbox 337 768 379 829; x_wconf 91' lang='lat' dir='ltr'>illi</span> <span class='ocrx_word' id='word_1_34' title='bbox 395 768 526 846; x_wconf 87' lang='lat' dir='ltr'>thalami,</span> <span class='ocrx_word' id='word_1_35' title='bbox 542 790 610 850; x_wconf 91' lang='lat' dir='ltr'>spes</span> <span class='ocrx_word' id='word_1_36' title='bbox 625 775 710 830; x_wconf 87' lang='lat' dir='ltr'>tanta</span> <span class='ocrx_word' id='word_1_37' title='bbox 725 776 877 851; x_wconf 91' lang='lat' dir='ltr'>nepotum,</span> 
     </span>
    </p>

    <p class='ocr_par' dir='ltr' id='par_1_7' title="bbox 97 851 782 936">
     <span class='ocr_line' id='line_1_7' title="bbox 97 851 782 936; baseline 0.001 -23"><span class='ocrx_word' id='word_1_38' title='bbox 97 851 263 915; x_wconf 91' lang='lat' dir='ltr'>Barbarico</span> <span class='ocrx_word' id='word_1_39' title='bbox 277 859 376 936; x_wconf 88' lang='lat' dir='ltr'>postes</span> <span class='ocrx_word' id='word_1_40' title='bbox 392 874 464 915; x_wconf 92' lang='lat' dir='ltr'>auro</span> <span class='ocrx_word' id='word_1_41' title='bbox 479 853 637 936; x_wconf 90' lang='lat' dir='ltr'>spoliisque</span> <span class='ocrx_word' id='word_1_42' title='bbox 652 855 782 936; x_wconf 88' lang='lat' dir='ltr'>superbi,</span> 
     </span>
    </p>

    <p class='ocr_par' dir='ltr' id='par_1_8' title="bbox 97 936 1136 1106">
     <span class='ocr_line' id='line_1_8' title="bbox 97 936 1136 1020; baseline 0.005 -21"><span class='ocrx_word' id='word_1_43' title='bbox 97 936 301 1000; x_wconf 89' lang='lat' dir='ltr'>Procubuere.</span> <span class='ocrx_word' id='word_1_44' title='bbox 346 937 463 1001; x_wconf 79' lang='lat' dir='ltr'>Tenent</span> <span class='ocrx_word' id='word_1_45' title='bbox 477 939 586 1016; x_wconf 88' lang='lat' dir='ltr'>Danai,</span> <span class='ocrx_word' id='word_1_46' title='bbox 602 960 662 1020; x_wconf 93' lang='lat' dir='ltr'>qua</span> <span class='ocrx_word' id='word_1_47' title='bbox 676 938 777 1000; x_wconf 88' lang='lat' dir='ltr'>deficit</span> <span class='ocrx_word' id='word_1_48' title='bbox 791 937 878 1020; x_wconf 90' lang='lat' dir='ltr'>ignis.</span> <span class='ocrx_word' id='word_1_49' title='bbox 1088 957 1136 1004; x_wconf 83' lang='lat'>505</span> 
     </span>
     <span class='ocr_line' id='line_1_9' title="bbox 139 1022 927 1106; baseline 0 -22"><span class='ocrx_word' id='word_1_50' title='bbox 139 1022 278 1084; x_wconf 90' lang='lat' dir='ltr'>Forsitan</span> <span class='ocrx_word' id='word_1_51' title='bbox 293 1029 335 1102; x_wconf 89' lang='lat' dir='ltr'>et,</span> <span class='ocrx_word' id='word_1_52' title='bbox 350 1023 462 1085; x_wconf 87' lang='lat' dir='ltr'>Priami</span> <span class='ocrx_word' id='word_1_53' title='bbox 476 1024 587 1086; x_wconf 88' lang='lat' dir='ltr'>fuerint</span> <span class='ocrx_word' id='word_1_54' title='bbox 602 1044 679 1105; x_wconf 89' lang='lat' dir='ltr'>qnae</span> <span class='ocrx_word' id='word_1_55' title='bbox 694 1024 768 1100; x_wconf 87' lang='lat' dir='ltr'>fata,</span> <span class='ocrx_word' id='word_1_56' title='bbox 783 1023 927 1106; x_wconf 88' lang='lat' dir='ltr'>requiras.</span> 
     </span>
    </p>

    <p class='ocr_par' dir='ltr' id='par_1_9' title="bbox 97 1106 801 1191">
     <span class='ocr_line' id='line_1_10' title="bbox 97 1106 801 1191; baseline 0.003 -23"><span class='ocrx_word' id='word_1_57' title='bbox 97 1106 190 1169; x_wconf 88' lang='lat' dir='ltr'>Urbis</span> <span class='ocrx_word' id='word_1_58' title='bbox 206 1108 249 1169; x_wconf 91' lang='lat' dir='ltr'>uti</span> <span class='ocrx_word' id='word_1_59' title='bbox 264 1115 369 1191; x_wconf 88' lang='lat' dir='ltr'>captae</span> <span class='ocrx_word' id='word_1_60' title='bbox 385 1129 497 1186; x_wconf 89' lang='lat' dir='ltr'>casum,</span> <span class='ocrx_word' id='word_1_61' title='bbox 513 1110 712 1190; x_wconf 80' lang='lat' dir='ltr'>convulsaque</span> <span class='ocrx_word' id='word_1_62' title='bbox 728 1108 801 1170; x_wconf 89' lang='lat' dir='ltr'>vidit</span> 
     </span>
    </p>

    <p class='ocr_par' dir='ltr' id='par_1_10' title="bbox 97 1192 990 1276">
     <span class='ocr_line' id='line_1_11' title="bbox 97 1192 990 1276; baseline -0.001 -22"><span class='ocrx_word' id='word_1_63' title='bbox 97 1192 216 1254; x_wconf 89' lang='lat' dir='ltr'>Limina</span> <span class='ocrx_word' id='word_1_64' title='bbox 230 1199 388 1272; x_wconf 89' lang='lat' dir='ltr'>tectorum,</span> <span class='ocrx_word' id='word_1_65' title='bbox 404 1200 435 1255; x_wconf 92' lang='lat' dir='ltr'>ct</span> <span class='ocrx_word' id='word_1_66' title='bbox 449 1194 580 1256; x_wconf 91' lang='lat' dir='ltr'>medium</span> <span class='ocrx_word' id='word_1_67' title='bbox 594 1195 625 1254; x_wconf 92' lang='lat' dir='ltr'>in</span> <span class='ocrx_word' id='word_1_68' title='bbox 639 1193 840 1276; x_wconf 88' lang='lat' dir='ltr'>penetralibus</span> <span class='ocrx_word' id='word_1_69' title='bbox 855 1193 990 1255; x_wconf 81' lang='lat' dir='ltr'>hostem:</span> 
     </span>
    </p>

    <p class='ocr_par' dir='ltr' id='par_1_11' title="bbox 96 1277 809 1341">
     <span class='ocr_line' id='line_1_12' title="bbox 96 1277 809 1341; baseline 0.003 -3"><span class='ocrx_word' id='word_1_70' title='bbox 96 1277 195 1338; x_wconf 88' lang='lat' dir='ltr'>Arma</span> <span class='ocrx_word' id='word_1_71' title='bbox 210 1277 261 1338; x_wconf 94' lang='lat' dir='ltr'>diu</span> <span class='ocrx_word' id='word_1_72' title='bbox 274 1279 372 1341; x_wconf 90' lang='lat' dir='ltr'>senior</span> <span class='ocrx_word' id='word_1_73' title='bbox 387 1279 512 1341; x_wconf 90' lang='lat' dir='ltr'>desueta</span> <span class='ocrx_word' id='word_1_74' title='bbox 526 1279 720 1341; x_wconf 91' lang='lat' dir='ltr'>trementibus</span> <span class='ocrx_word' id='word_1_75' title='bbox 736 1299 809 1340; x_wconf 89' lang='lat' dir='ltr'>aevo</span> 
     </span>
    </p>

    <p class='ocr_par' dir='ltr' id='par_1_12' title="bbox 98 1361 1136 1446">
     <span class='ocr_line' id='line_1_13' title="bbox 98 1361 1136 1446; baseline 0.003 -23"><span class='ocrx_word' id='word_1_76' title='bbox 98 1361 275 1424; x_wconf 77' lang='lat' dir='ltr'>Circumdat</span> <span class='ocrx_word' id='word_1_77' title='bbox 288 1363 489 1446; x_wconf 87' lang='lat' dir='ltr'>nequidquam</span> <span class='ocrx_word' id='word_1_78' title='bbox 503 1365 644 1440; x_wconf 88' lang='lat' dir='ltr'>humeris,</span> <span class='ocrx_word' id='word_1_79' title='bbox 660 1371 691 1425; x_wconf 92' lang='lat' dir='ltr'>et</span> <span class='ocrx_word' id='word_1_80' title='bbox 705 1364 808 1424; x_wconf 91' lang='lat' dir='ltr'>inutile</span> <span class='ocrx_word' id='word_1_81' title='bbox 820 1362 935 1424; x_wconf 88' lang='lat' dir='ltr'>ferrum</span> <span class='ocrx_word' id='word_1_82' title='bbox 1088 1378 1136 1426; x_wconf 82' lang='lat'>510</span> 
     </span>
    </p>

    <p class='ocr_par' dir='ltr' id='par_1_13' title="bbox 99 1446 906 1615">
     <span class='ocr_line' id='line_1_14' title="bbox 99 1446 895 1528; baseline 0.001 -19"><span class='ocrx_word' id='word_1_83' title='bbox 99 1446 249 1528; x_wconf 84' lang='lat' dir='ltr'>Cingitur,</span> <span class='ocrx_word' id='word_1_84' title='bbox 265 1468 300 1510; x_wconf 91' lang='lat' dir='ltr'>ac</span> <span class='ocrx_word' id='word_1_85' title='bbox 315 1449 422 1510; x_wconf 91' lang='lat' dir='ltr'>densos</span> <span class='ocrx_word' id='word_1_86' title='bbox 436 1449 533 1510; x_wconf 84' lang='lat' dir='ltr'>fertur</span> <span class='ocrx_word' id='word_1_87' title='bbox 546 1449 706 1510; x_wconf 91' lang='lat' dir='ltr'>moriturus</span> <span class='ocrx_word' id='word_1_88' title='bbox 720 1449 752 1509; x_wconf 94' lang='lat' dir='ltr'>in</span> <span class='ocrx_word' id='word_1_89' title='bbox 766 1449 876 1510; x_wconf 85' lang='lat' dir='ltr'>hostes.</span> <span class='ocrx_word' id='word_1_90' title='bbox 891 1504 895 1510; x_wconf 92' lang='lat'>.</span> 
     </span>
     <span class='ocr_line' id='line_1_15' title="bbox 140 1531 906 1615; baseline 0.001 -22"><span class='ocrx_word' id='word_1_91' title='bbox 140 1531 279 1594; x_wconf 87' lang='lat' dir='ltr'>Aedibus</span> <span class='ocrx_word' id='word_1_92' title='bbox 294 1533 325 1595; x_wconf 90' lang='lat' dir='ltr'>in</span> <span class='ocrx_word' id='word_1_93' title='bbox 339 1533 455 1612; x_wconf 91' lang='lat' dir='ltr'>mediis,</span> <span class='ocrx_word' id='word_1_94' title='bbox 469 1534 609 1615; x_wconf 87' lang='lat' dir='ltr'>nudoque</span> <span class='ocrx_word' id='word_1_95' title='bbox 624 1534 678 1595; x_wconf 92' lang='lat' dir='ltr'>sub</span> <span class='ocrx_word' id='word_1_96' title='bbox 694 1534 824 1596; x_wconf 90' lang='lat' dir='ltr'>aetheris</span> <span class='ocrx_word' id='word_1_97' title='bbox 840 1554 906 1610; x_wconf 87' lang='lat' dir='ltr'>axe,</span> 
     </span>
    </p>

    <p class='ocr_par' dir='ltr' id='par_1_14' title="bbox 97 1616 822 1701">
     <span class='ocr_line' id='line_1_16' title="bbox 97 1616 822 1701; baseline 0.003 -23"><span class='ocrx_word' id='word_1_98' title='bbox 97 1616 213 1698; x_wconf 87' lang='lat' dir='ltr'>Ingens</span> <span class='ocrx_word' id='word_1_99' title='bbox 228 1638 281 1680; x_wconf 91' lang='lat' dir='ltr'>ara</span> <span class='ocrx_word' id='word_1_100' title='bbox 294 1619 362 1696; x_wconf 85' lang='lat' dir='ltr'>firit,</span> <span class='ocrx_word' id='word_1_101' title='bbox 372 1619 519 1701; x_wconf 83' lang='lat' dir='ltr'>juxtaque</span> <span class='ocrx_word' id='word_1_102' title='bbox 536 1619 695 1682; x_wconf 87' lang='lat' dir='ltr'>veterrima</span> <span class='ocrx_word' id='word_1_103' title='bbox 709 1619 822 1697; x_wconf 89' lang='lat' dir='ltr'>laurus,</span> 
     </span>
    </p>

    <p class='ocr_par' dir='ltr' id='par_1_15' title="bbox 98 1702 926 1786">
     <span class='ocr_line' id='line_1_17' title="bbox 98 1702 926 1786; baseline 0 -23"><span class='ocrx_word' id='word_1_104' title='bbox 98 1702 280 1764; x_wconf 90' lang='lat' dir='ltr'>Incumbens</span> <span class='ocrx_word' id='word_1_105' title='bbox 295 1724 376 1782; x_wconf 90' lang='lat' dir='ltr'>arae,</span> <span class='ocrx_word' id='word_1_106' title='bbox 392 1709 482 1786; x_wconf 90' lang='lat' dir='ltr'>atque</span> <span class='ocrx_word' id='word_1_107' title='bbox 498 1705 603 1766; x_wconf 90' lang='lat' dir='ltr'>umbra</span> <span class='ocrx_word' id='word_1_108' title='bbox 617 1705 771 1786; x_wconf 87' lang='lat' dir='ltr'>complexa</span> <span class='ocrx_word' id='word_1_109' title='bbox 785 1703 926 1766; x_wconf 85' lang='lat' dir='ltr'>Penates.</span> 
     </span>
    </p>

    <p class='ocr_par' dir='ltr' id='par_1_16' title="bbox 97 1787 1136 1871">
     <span class='ocr_line' id='line_1_18' title="bbox 97 1787 1136 1871; baseline 0 -23"><span class='ocrx_word' id='word_1_110' title='bbox 97 1787 161 1849; x_wconf 92' lang='lat' dir='ltr'>Hic</span> <span class='ocrx_word' id='word_1_111' title='bbox 177 1787 306 1850; x_wconf 89' lang='lat' dir='ltr'>Hecuba</span> <span class='ocrx_word' id='word_1_112' title='bbox 321 1794 352 1850; x_wconf 93' lang='lat' dir='ltr'>et</span> <span class='ocrx_word' id='word_1_113' title='bbox 365 1795 454 1851; x_wconf 89' lang='lat' dir='ltr'>natae</span> <span class='ocrx_word' id='word_1_114' title='bbox 469 1788 672 1871; x_wconf 86' lang='lat' dir='ltr'>nequidquam</span> <span class='ocrx_word' id='word_1_115' title='bbox 687 1790 793 1850; x_wconf 88' lang='lat' dir='ltr'>altaria</span> <span class='ocrx_word' id='word_1_116' title='bbox 807 1788 930 1866; x_wconf 87' lang='lat' dir='ltr'>circum,</span> <span class='ocrx_word' id='word_1_117' title='bbox 1088 1803 1136 1849; x_wconf 82' lang='lat' dir='ltr'>olo</span> 
     </span>
    </p>

    <p class='ocr_par' dir='ltr' id='par_1_17' title="bbox 98 1873 808 1957">
     <span class='ocr_line' id='line_1_19' title="bbox 98 1873 808 1957; baseline 0.001 -23"><span class='ocrx_word' id='word_1_118' title='bbox 98 1873 285 1954; x_wconf 82' lang='lat' dir='ltr'>Praecipites</span> <span class='ocrx_word' id='word_1_119' title='bbox 299 1880 366 1936; x_wconf 89' lang='lat' dir='ltr'>atra</span> <span class='ocrx_word' id='word_1_120' title='bbox 380 1894 437 1936; x_wconf 91' lang='lat' dir='ltr'>ceu</span> <span class='ocrx_word' id='word_1_121' title='bbox 451 1881 628 1957; x_wconf 90' lang='lat' dir='ltr'>tempestate</span> <span class='ocrx_word' id='word_1_122' title='bbox 644 1874 808 1952; x_wconf 90' lang='lat' dir='ltr'>columbae,</span> 
     </span>
    </p>

    <p class='ocr_par' dir='ltr' id='par_1_18' title="bbox 99 1957 963 2042">
     <span class='ocr_line' id='line_1_20' title="bbox 99 1957 963 2042; baseline -0.001 -22"><span class='ocrx_word' id='word_1_123' title='bbox 99 1957 288 2035; x_wconf 86' lang='lat' dir='ltr'>Condensae,</span> <span class='ocrx_word' id='word_1_124' title='bbox 304 1965 335 2021; x_wconf 88' lang='lat' dir='ltr'>et</span> <span class='ocrx_word' id='word_1_125' title='bbox 350 1959 451 2021; x_wconf 88' lang='lat' dir='ltr'>divum</span> <span class='ocrx_word' id='word_1_126' title='bbox 466 1961 620 2042; x_wconf 87' lang='lat' dir='ltr'>amplexae</span> <span class='ocrx_word' id='word_1_127' title='bbox 635 1959 794 2021; x_wconf 89' lang='lat' dir='ltr'>simulacra</span> <span class='ocrx_word' id='word_1_128' title='bbox 808 1957 963 2021; x_wconf 90' lang='lat' dir='ltr'>sedebant.</span> 
     </span>
    </p>

    <p class='ocr_par' dir='ltr' id='par_1_19' title="bbox 98 2042 930 2128">
     <span class='ocr_line' id='line_1_21' title="bbox 98 2042 930 2128; baseline -0.002 -22"><span class='ocrx_word' id='word_1_129' title='bbox 98 2043 205 2125; x_wconf 89' lang='lat' dir='ltr'>Ipsum</span> <span class='ocrx_word' id='word_1_130' title='bbox 219 2049 319 2106; x_wconf 91' lang='lat' dir='ltr'>autem</span> <span class='ocrx_word' id='word_1_131' title='bbox 333 2045 457 2128; x_wconf 87' lang='lat' dir='ltr'>sumptis</span> <span class='ocrx_word' id='word_1_132' title='bbox 472 2045 625 2107; x_wconf 88' lang='lat' dir='ltr'>Priamum</span> <span class='ocrx_word' id='word_1_133' title='bbox 635 2045 825 2127; x_wconf 87' lang='lat' dir='ltr'>juvenalibus</span> <span class='ocrx_word' id='word_1_134' title='bbox 840 2042 930 2104; x_wconf 88' lang='lat' dir='ltr'>armis</span> 
     </span>
    </p>

    <p class='ocr_par' dir='ltr' id='par_1_20' title="bbox 98 2127 943 2211">
     <span class='ocr_line' id='line_1_22' title="bbox 98 2127 943 2211; baseline -0.002 -20"><span class='ocrx_word' id='word_1_135' title='bbox 98 2128 146 2191; x_wconf 90' lang='lat' dir='ltr'>Ut</span> <span class='ocrx_word' id='word_1_136' title='bbox 160 2127 234 2191; x_wconf 82' lang='lat' dir='ltr'>vidit</span> <span class='ocrx_word' id='word_1_137' title='bbox 246 2127 364 2201; x_wconf 65' lang='lat' dir='ltr'>rQuae</span> <span class='ocrx_word' id='word_1_138' title='bbox 378 2150 462 2192; x_wconf 90' lang='lat' dir='ltr'>mens</span> <span class='ocrx_word' id='word_1_139' title='bbox 477 2136 538 2192; x_wconf 88' lang='lat' dir='ltr'>tam</span> <span class='ocrx_word' id='word_1_140' title='bbox 554 2130 630 2207; x_wconf 89' lang='lat' dir='ltr'>dira,</span> <span class='ocrx_word' id='word_1_141' title='bbox 645 2130 808 2191; x_wconf 87' lang='lat' dir='ltr'>miserrime</span> <span class='ocrx_word' id='word_1_142' title='bbox 825 2128 943 2211; x_wconf 86' lang='lat' dir='ltr'>conjux,</span> 
     </span>
    </p>

    <p class='ocr_par' dir='ltr' id='par_1_21' title="bbox 98 2213 1136 2298">
     <span class='ocr_line' id='line_1_23' title="bbox 98 2213 1136 2298; baseline 0 -24"><span class='ocrx_word' id='word_1_143' title='bbox 98 2213 225 2295; x_wconf 91' lang='lat' dir='ltr'>Impulit</span> <span class='ocrx_word' id='word_1_144' title='bbox 238 2214 284 2276; x_wconf 86' lang='lat' dir='ltr'>his</span> <span class='ocrx_word' id='word_1_145' title='bbox 299 2214 378 2297; x_wconf 82' lang='lat' dir='ltr'>cingi</span> <span class='ocrx_word' id='word_1_146' title='bbox 393 2214 486 2278; x_wconf 81' lang='lat' dir='ltr'>telis?</span> <span class='ocrx_word' id='word_1_147' title='bbox 509 2222 562 2277; x_wconf 92' lang='lat' dir='ltr'>aut</span> <span class='ocrx_word' id='word_1_148' title='bbox 577 2236 636 2297; x_wconf 90' lang='lat' dir='ltr'>quo</span> <span class='ocrx_word' id='word_1_149' title='bbox 650 2213 738 2276; x_wconf 82' lang='lat' dir='ltr'>ruis?</span> <span class='ocrx_word' id='word_1_150' title='bbox 761 2214 868 2298; x_wconf 87' lang='lat' dir='ltr'>inquit.</span> <span class='ocrx_word' id='word_1_151' title='bbox 1089 2226 1136 2274; x_wconf 81' lang='lat'>520</span> 
     </span>
    </p>

    <p class='ocr_par' dir='ltr' id='par_1_22' title="bbox 99 2298 732 2362">
     <span class='ocr_line' id='line_1_24' title="bbox 99 2298 732 2362; baseline 0.005 -3"><span class='ocrx_word' id='word_1_152' title='bbox 99 2298 173 2360; x_wconf 90' lang='lat' dir='ltr'>Non</span> <span class='ocrx_word' id='word_1_153' title='bbox 187 2299 239 2360; x_wconf 88' lang='lat' dir='ltr'>tali</span> <span class='ocrx_word' id='word_1_154' title='bbox 253 2299 362 2362; x_wconf 86' lang='lat' dir='ltr'>auxilio</span> <span class='ocrx_word' id='word_1_155' title='bbox 376 2321 432 2362; x_wconf 89' lang='lat' dir='ltr'>neo</span> <span class='ocrx_word' id='word_1_156' title='bbox 448 2300 653 2362; x_wconf 85' lang='lat' dir='ltr'>defensoribus</span> <span class='ocrx_word' id='word_1_157' title='bbox 668 2301 732 2362; x_wconf 90' lang='lat' dir='ltr'>istis</span> 
     </span>
    </p>

    <p class='ocr_par' dir='ltr' id='par_1_23' title="bbox 98 2383 1000 2468">
     <span class='ocr_line' id='line_1_25' title="bbox 98 2383 1000 2468; baseline -0.004 -23"><span class='ocrx_word' id='word_1_158' title='bbox 98 2385 231 2466; x_wconf 80' lang='lat' dir='ltr'>Tempus</span> <span class='ocrx_word' id='word_1_159' title='bbox 246 2392 337 2466; x_wconf 85' lang='lat' dir='ltr'>eget3</span> <span class='ocrx_word' id='word_1_160' title='bbox 359 2407 429 2463; x_wconf 91' lang='lat' dir='ltr'>non,</span> <span class='ocrx_word' id='word_1_161' title='bbox 444 2385 469 2447; x_wconf 88' lang='lat' dir='ltr'>si</span> <span class='ocrx_word' id='word_1_162' title='bbox 482 2386 546 2468; x_wconf 91' lang='lat' dir='ltr'>ipse</span> <span class='ocrx_word' id='word_1_163' title='bbox 561 2407 645 2448; x_wconf 90' lang='lat' dir='ltr'>meus</span> <span class='ocrx_word' id='word_1_164' title='bbox 660 2405 739 2446; x_wconf 92' lang='lat' dir='ltr'>nunc</span> <span class='ocrx_word' id='word_1_165' title='bbox 755 2384 859 2446; x_wconf 86' lang='lat' dir='ltr'>afforet</span> <span class='ocrx_word' id='word_1_166' title='bbox 873 2383 1000 2444; x_wconf 86' lang='lat' dir='ltr'>Hector.</span> 
     </span>
    </p>

    <p class='ocr_par' dir='ltr' id='par_1_24' title="bbox 98 2469 915 2545">
     <span class='ocr_line' id='line_1_26' title="bbox 98 2469 915 2545; baseline -0.004 -13"><span class='ocrx_word' id='word_1_167' title='bbox 98 2469 172 2532; x_wconf 90' lang='lat' dir='ltr'>Huc</span> <span class='ocrx_word' id='word_1_168' title='bbox 188 2469 309 2532; x_wconf 89' lang='lat' dir='ltr'>tandem</span> <span class='ocrx_word' id='word_1_169' title='bbox 324 2470 453 2532; x_wconf 92' lang='lat' dir='ltr'>concede</span> <span class='ocrx_word' id='word_1_170' title='bbox 468 2491 475 2545; x_wconf 84' lang='lat'><em>3</em></span> <span class='ocrx_word' id='word_1_171' title='bbox 498 2471 572 2532; x_wconf 86' lang='lat' dir='ltr'>haec</span> <span class='ocrx_word' id='word_1_172' title='bbox 589 2492 642 2534; x_wconf 90' lang='lat' dir='ltr'>ara</span> <span class='ocrx_word' id='word_1_173' title='bbox 656 2470 789 2532; x_wconf 87' lang='lat' dir='ltr'>tuebitur</span> <span class='ocrx_word' id='word_1_174' title='bbox 803 2488 915 2545; x_wconf 90' lang='lat' dir='ltr'>omnes,</span> 
     </span>
    </p>

    <p class='ocr_par' dir='ltr' id='par_1_25' title="bbox 97 2554 827 2636">
     <span class='ocr_line' id='line_1_27' title="bbox 97 2554 827 2636; baseline 0 -21"><span class='ocrx_word' id='word_1_175' title='bbox 97 2554 167 2616; x_wconf 92' lang='lat' dir='ltr'>Aut</span> <span class='ocrx_word' id='word_1_176' title='bbox 180 2555 305 2616; x_wconf 88' lang='lat' dir='ltr'>moriere</span> <span class='ocrx_word' id='word_1_177' title='bbox 321 2556 417 2617; x_wconf 90' lang='lat' dir='ltr'>simul.</span> <span class='ocrx_word' id='word_1_178' title='bbox 465 2554 515 2617; x_wconf 78' lang='lat' dir='ltr'>sic</span> <span class='ocrx_word' id='word_1_179' title='bbox 531 2577 581 2618; x_wconf 92' lang='lat' dir='ltr'>ore</span> <span class='ocrx_word' id='word_1_180' title='bbox 598 2556 697 2631; x_wconf 84' lang='lat' dir='ltr'>effata,</span> <span class='ocrx_word' id='word_1_181' title='bbox 712 2555 827 2636; x_wconf 89' lang='lat' dir='ltr'>recepit</span> 
     </span>
    </p>

    <p class='ocr_par' dir='ltr' id='par_1_26' title="bbox 97 2639 1136 2809">
     <span class='ocr_line' id='line_1_28' title="bbox 97 2639 1136 2722; baseline -0.003 -21"><span class='ocrx_word' id='word_1_182' title='bbox 97 2639 153 2701; x_wconf 89' lang='lat' dir='ltr'>Ad</span> <span class='ocrx_word' id='word_1_183' title='bbox 168 2660 244 2717; x_wconf 88' lang='lat' dir='ltr'>sese,</span> <span class='ocrx_word' id='word_1_184' title='bbox 260 2650 291 2702; x_wconf 90' lang='lat' dir='ltr'>et</span> <span class='ocrx_word' id='word_1_185' title='bbox 306 2661 391 2703; x_wconf 90' lang='lat' dir='ltr'>sacra</span> <span class='ocrx_word' id='word_1_186' title='bbox 404 2642 583 2722; x_wconf 85' lang='lat' dir='ltr'>longaevum</span> <span class='ocrx_word' id='word_1_187' title='bbox 597 2642 629 2703; x_wconf 93' lang='lat' dir='ltr'>in</span> <span class='ocrx_word' id='word_1_188' title='bbox 644 2641 714 2703; x_wconf 91' lang='lat' dir='ltr'>sede</span> <span class='ocrx_word' id='word_1_189' title='bbox 729 2639 847 2702; x_wconf 89' lang='lat' dir='ltr'>locavit.</span> <span class='ocrx_word' id='word_1_190' title='bbox 1089 2653 1136 2699; x_wconf 75' lang='lat'>525</span> 
     </span>
     <span class='ocr_line' id='line_1_29' title="bbox 144 2724 911 2809; baseline -0.001 -23"><span class='ocrx_word' id='word_1_191' title='bbox 144 2724 225 2786; x_wconf 86' lang='lat' dir='ltr'>Ecce</span> <span class='ocrx_word' id='word_1_192' title='bbox 241 2731 351 2803; x_wconf 85' lang='lat' dir='ltr'>autem,</span> <span class='ocrx_word' id='word_1_193' title='bbox 367 2727 485 2808; x_wconf 86' lang='lat' dir='ltr'>elapsus</span> <span class='ocrx_word' id='word_1_194' title='bbox 500 2726 611 2809; x_wconf 86' lang='lat' dir='ltr'>Pyrrhi</span> <span class='ocrx_word' id='word_1_195' title='bbox 626 2726 663 2788; x_wconf 85' lang='lat' dir='ltr'>de</span> <span class='ocrx_word' id='word_1_196' title='bbox 679 2725 771 2788; x_wconf 88' lang='lat' dir='ltr'>caede</span> <span class='ocrx_word' id='word_1_197' title='bbox 787 2725 911 2802; x_wconf 89' lang='lat' dir='ltr'>Polites,</span> 
     </span>
    </p>

    <p class='ocr_par' dir='ltr' id='par_1_27' title="bbox 99 2809 848 2894">
     <span class='ocr_line' id='line_1_30' title="bbox 99 2809 848 2894; baseline 0 -22"><span class='ocrx_word' id='word_1_198' title='bbox 99 2809 189 2872; x_wconf 91' lang='lat' dir='ltr'>Unus</span> <span class='ocrx_word' id='word_1_199' title='bbox 203 2815 340 2872; x_wconf 90' lang='lat' dir='ltr'>natorum</span> <span class='ocrx_word' id='word_1_200' title='bbox 355 2810 479 2890; x_wconf 82' lang='lat' dir='ltr'>Priami,</span> <span class='ocrx_word' id='word_1_201' title='bbox 494 2833 548 2894; x_wconf 90' lang='lat' dir='ltr'>per</span> <span class='ocrx_word' id='word_1_202' title='bbox 562 2814 633 2889; x_wconf 89' lang='lat' dir='ltr'>tela,</span> <span class='ocrx_word' id='word_1_203' title='bbox 649 2833 704 2893; x_wconf 90' lang='lat' dir='ltr'>per</span> <span class='ocrx_word' id='word_1_204' title='bbox 718 2811 829 2888; x_wconf 90' lang='lat' dir='ltr'>hostes,</span> <span class='ocrx_word' id='word_1_205' title='bbox 846 2848 848 2854; x_wconf 22' lang='grc' dir='ltr'><strong><em>π</em></strong></span> 
     </span>
    </p>

    <p class='ocr_par' dir='ltr' id='par_1_28' title="bbox 99 2894 857 2978">
     <span class='ocr_line' id='line_1_31' title="bbox 99 2894 857 2978; baseline 0.001 -23"><span class='ocrx_word' id='word_1_206' title='bbox 99 2894 269 2958; x_wconf 90' lang='lat' dir='ltr'>Porticibus</span> <span class='ocrx_word' id='word_1_207' title='bbox 284 2896 379 2978; x_wconf 91' lang='lat' dir='ltr'>longis</span> <span class='ocrx_word' id='word_1_208' title='bbox 393 2897 483 2978; x_wconf 86' lang='lat' dir='ltr'>fugit,</span> <span class='ocrx_word' id='word_1_209' title='bbox 500 2903 534 2958; x_wconf 90' lang='lat' dir='ltr'>et</span> <span class='ocrx_word' id='word_1_210' title='bbox 547 2917 644 2959; x_wconf 89' lang='lat' dir='ltr'>vacua</span> <span class='ocrx_word' id='word_1_211' title='bbox 658 2897 735 2958; x_wconf 89' lang='lat' dir='ltr'>atria</span> <span class='ocrx_word' id='word_1_212' title='bbox 749 2896 857 2957; x_wconf 90' lang='lat' dir='ltr'>lustrat</span> 
     </span>
    </p>

    <p class='ocr_par' dir='ltr' id='par_1_29' title="bbox 101 2979 910 3063">
     <span class='ocr_line' id='line_1_32' title="bbox 101 2979 910 3063; baseline -0.001 -22"><span class='ocrx_word' id='word_1_213' title='bbox 101 2979 239 3041; x_wconf 78' lang='lat' dir='ltr'>Saucius</span> <span class='ocrx_word' id='word_1_214' title='bbox 285 2980 374 3042; x_wconf 93' lang='lat' dir='ltr'>Illum</span> <span class='ocrx_word' id='word_1_215' title='bbox 390 2982 498 3044; x_wconf 90' lang='lat' dir='ltr'>ardens</span> <span class='ocrx_word' id='word_1_216' title='bbox 512 2982 619 3044; x_wconf 90' lang='lat' dir='ltr'>infesto</span> <span class='ocrx_word' id='word_1_217' title='bbox 634 2982 757 3042; x_wconf 88' lang='lat' dir='ltr'>vulnere</span> <span class='ocrx_word' id='word_1_218' title='bbox 774 2980 910 3063; x_wconf 86' lang='lat' dir='ltr'>Pyrrhus</span> 
     </span>
    </p>

    <p class='ocr_par' dir='ltr' id='par_1_30' title="bbox 98 3064 1136 3149">
     <span class='ocr_line' id='line_1_33' title="bbox 98 3064 1136 3149; baseline 0 -23"><span class='ocrx_word' id='word_1_219' title='bbox 98 3065 284 3147; x_wconf 88' lang='lat' dir='ltr'>Insequitur,</span> <span class='ocrx_word' id='word_1_220' title='bbox 295 3067 359 3149; x_wconf 91' lang='lat' dir='ltr'>jam</span> <span class='ocrx_word' id='word_1_221' title='bbox 368 3068 491 3148; x_wconf 88' lang='lat' dir='ltr'>jamque</span> <span class='ocrx_word' id='word_1_222' title='bbox 506 3087 597 3128; x_wconf 90' lang='lat' dir='ltr'>manu</span> <span class='ocrx_word' id='word_1_223' title='bbox 612 3072 705 3143; x_wconf 89' lang='lat' dir='ltr'>tenet,</span> <span class='ocrx_word' id='word_1_224' title='bbox 722 3072 752 3126; x_wconf 91' lang='lat' dir='ltr'>et</span> <span class='ocrx_word' id='word_1_225' title='bbox 767 3065 876 3147; x_wconf 90' lang='lat' dir='ltr'>premit</span> <span class='ocrx_word' id='word_1_226' title='bbox 889 3064 986 3125; x_wconf 86' lang='lat' dir='ltr'>hasta.</span> <span class='ocrx_word' id='word_1_227' title='bbox 1089 3079 1136 3126; x_wconf 83' lang='lat'>530</span> 
     </span>
    </p>

    <p class='ocr_par' dir='ltr' id='par_1_31' title="bbox 98 3150 886 3232">
     <span class='ocr_line' id='line_1_34' title="bbox 98 3150 886 3232; baseline -0.004 -20"><span class='ocrx_word' id='word_1_228' title='bbox 98 3150 145 3212; x_wconf 91' lang='lat' dir='ltr'>Ut</span> <span class='ocrx_word' id='word_1_229' title='bbox 159 3150 280 3212; x_wconf 90' lang='lat' dir='ltr'>tandem</span> <span class='ocrx_word' id='word_1_230' title='bbox 296 3158 364 3213; x_wconf 87' lang='lat' dir='ltr'>ante</span> <span class='ocrx_word' id='word_1_231' title='bbox 380 3153 480 3213; x_wconf 91' lang='lat' dir='ltr'>oculos</span> <span class='ocrx_word' id='word_1_232' title='bbox 495 3152 590 3214; x_wconf 89' lang='lat' dir='ltr'>evasit</span> <span class='ocrx_word' id='word_1_233' title='bbox 605 3157 636 3213; x_wconf 88' lang='lat' dir='ltr'>et</span> <span class='ocrx_word' id='word_1_234' title='bbox 650 3171 703 3213; x_wconf 90' lang='lat' dir='ltr'>ora</span> <span class='ocrx_word' id='word_1_235' title='bbox 717 3156 886 3232; x_wconf 86' lang='lat' dir='ltr'>parentum,</span> 
     </span>
    </p>

    <p class='ocr_par' dir='ltr' id='par_1_32' title="bbox 100 3233 859 3317">
     <span class='ocr_line' id='line_1_35' title="bbox 100 3233 859 3317; baseline -0.003 -20"><span class='ocrx_word' id='word_1_236' title='bbox 100 3233 250 3313; x_wconf 85' lang='lat' dir='ltr'>Concidit,</span> <span class='ocrx_word' id='word_1_237' title='bbox 265 3257 300 3297; x_wconf 92' lang='lat' dir='ltr'>ao</span> <span class='ocrx_word' id='word_1_238' title='bbox 315 3237 408 3298; x_wconf 88' lang='lat' dir='ltr'>multo</span> <span class='ocrx_word' id='word_1_239' title='bbox 423 3237 515 3298; x_wconf 83' lang='lat' dir='ltr'>vitam</span> <span class='ocrx_word' id='word_1_240' title='bbox 530 3257 599 3298; x_wconf 91' lang='lat' dir='ltr'>cum</span> <span class='ocrx_word' id='word_1_241' title='bbox 613 3236 757 3317; x_wconf 86' lang='lat' dir='ltr'>sauguine</span> <span class='ocrx_word' id='word_1_242' title='bbox 772 3233 859 3296; x_wconf 89' lang='lat' dir='ltr'>fudit.</span> 
     </span>
    </p>

    <p class='ocr_par' dir='ltr' id='par_1_33' title="bbox 100 3320 1002 3404">
     <span class='ocr_line' id='line_1_36' title="bbox 100 3320 1002 3404; baseline -0.002 -23"><span class='ocrx_word' id='word_1_243' title='bbox 100 3321 163 3381; x_wconf 91' lang='lat' dir='ltr'>Hic</span> <span class='ocrx_word' id='word_1_244' title='bbox 180 3320 328 3399; x_wconf 86' lang='lat' dir='ltr'>Priamus,</span> <span class='ocrx_word' id='word_1_245' title='bbox 344 3342 514 3402; x_wconf 89' lang='lat' dir='ltr'>quanquam</span> <span class='ocrx_word' id='word_1_246' title='bbox 529 3322 560 3383; x_wconf 91' lang='lat' dir='ltr'>in</span> <span class='ocrx_word' id='word_1_247' title='bbox 574 3322 673 3383; x_wconf 90' lang='lat' dir='ltr'>media</span> <span class='ocrx_word' id='word_1_248' title='bbox 683 3323 746 3404; x_wconf 89' lang='lat' dir='ltr'>jam</span> <span class='ocrx_word' id='word_1_249' title='bbox 761 3327 855 3382; x_wconf 89' lang='lat' dir='ltr'>morte</span> <span class='ocrx_word' id='word_1_250' title='bbox 871 3324 1002 3394; x_wconf 88' lang='lat' dir='ltr'>tenetur,</span> 
     </span>
    </p>

    <p class='ocr_par' dir='ltr' id='par_1_34' title="bbox 99 3405 899 3487">
     <span class='ocr_line' id='line_1_37' title="bbox 99 3405 899 3487; baseline 0.001 -22"><span class='ocrx_word' id='word_1_251' title='bbox 99 3405 171 3466; x_wconf 90' lang='lat' dir='ltr'>Non</span> <span class='ocrx_word' id='word_1_252' title='bbox 186 3412 287 3467; x_wconf 90' lang='lat' dir='ltr'>tamen</span> <span class='ocrx_word' id='word_1_253' title='bbox 298 3406 450 3484; x_wconf 91' lang='lat' dir='ltr'>abstinuit,</span> <span class='ocrx_word' id='word_1_254' title='bbox 465 3427 521 3468; x_wconf 91' lang='lat' dir='ltr'>neo</span> <span class='ocrx_word' id='word_1_255' title='bbox 538 3408 603 3468; x_wconf 84' lang='lat' dir='ltr'>voci</span> <span class='ocrx_word' id='word_1_256' title='bbox 617 3408 739 3487; x_wconf 91' lang='lat' dir='ltr'>iraeque</span> <span class='ocrx_word' id='word_1_257' title='bbox 754 3406 899 3487; x_wconf 88' lang='lat' dir='ltr'>pepercit.</span> 
     </span>
    </p>

    <p class='ocr_par' dir='ltr' id='par_1_35' title="bbox 98 3490 1222 3574">
     <span class='ocr_line' id='line_1_38' title="bbox 98 3490 1222 3574; baseline 0.004 -23"><span class='ocrx_word' id='word_1_258' title='bbox 98 3492 145 3552; x_wconf 88' lang='lat' dir='ltr'>At</span> <span class='ocrx_word' id='word_1_259' title='bbox 159 3490 213 3551; x_wconf 93' lang='lat' dir='ltr'>tibi</span> <span class='ocrx_word' id='word_1_260' title='bbox 228 3512 281 3572; x_wconf 91' lang='lat' dir='ltr'>pro</span> <span class='ocrx_word' id='word_1_261' title='bbox 296 3493 421 3569; x_wconf 91' lang='lat' dir='ltr'>scelere,</span> <span class='ocrx_word' id='word_1_262' title='bbox 438 3493 595 3569; x_wconf 83' lang='lat' dir='ltr'>exclamat,</span> <span class='ocrx_word' id='word_1_263' title='bbox 611 3513 664 3574; x_wconf 90' lang='lat' dir='ltr'>pro</span> <span class='ocrx_word' id='word_1_264' title='bbox 679 3491 787 3552; x_wconf 90' lang='lat' dir='ltr'>talibus</span> <span class='ocrx_word' id='word_1_265' title='bbox 804 3491 893 3566; x_wconf 89' lang='lat' dir='ltr'>ausis,</span> <span class='ocrx_word' id='word_1_266' title='bbox 1089 3508 1135 3556; x_wconf 85' lang='lat'>535</span> <span class='ocrx_word' id='word_1_267' title='bbox 1221 3565 1222 3568; x_wconf 7' lang='grc' dir='ltr'><strong>Ἴ</strong></span> 
     </span>
    </p>

    <p class='ocr_par' dir='ltr' id='par_1_36' title="bbox 99 3575 826 3659">
     <span class='ocr_line' id='line_1_39' title="bbox 99 3575 826 3659; baseline 0 -23"><span class='ocrx_word' id='word_1_268' title='bbox 99 3576 152 3652; x_wconf 92' lang='lat' dir='ltr'>Di,</span> <span class='ocrx_word' id='word_1_269' title='bbox 167 3575 193 3636; x_wconf 89' lang='lat' dir='ltr'>si</span> <span class='ocrx_word' id='word_1_270' title='bbox 208 3583 328 3656; x_wconf 89' lang='lat' dir='ltr'>quaest</span> <span class='ocrx_word' id='word_1_271' title='bbox 343 3578 425 3639; x_wconf 90' lang='lat' dir='ltr'>coelo</span> <span class='ocrx_word' id='word_1_272' title='bbox 441 3578 536 3659; x_wconf 88' lang='lat' dir='ltr'>pietas</span> <span class='ocrx_word' id='word_1_273' title='bbox 551 3598 628 3659; x_wconf 89' lang='lat' dir='ltr'>quae</span> <span class='ocrx_word' id='word_1_274' title='bbox 644 3577 716 3637; x_wconf 91' lang='lat' dir='ltr'>talia</span> <span class='ocrx_word' id='word_1_275' title='bbox 731 3582 826 3651; x_wconf 90' lang='lat' dir='ltr'>curet,</span> 
     </span>
    </p>

    <p class='ocr_par' dir='ltr' id='par_1_37' title="bbox 99 3660 863 3744">
     <span class='ocr_line' id='line_1_40' title="bbox 99 3660 863 3744; baseline -0.003 -23"><span class='ocrx_word' id='word_1_276' title='bbox 99 3660 279 3723; x_wconf 89' lang='lat' dir='ltr'>Persolvant</span> <span class='ocrx_word' id='word_1_277' title='bbox 293 3669 395 3744; x_wconf 90' lang='lat' dir='ltr'>grates</span> <span class='ocrx_word' id='word_1_278' title='bbox 411 3662 527 3744; x_wconf 90' lang='lat' dir='ltr'>dignas,</span> <span class='ocrx_word' id='word_1_279' title='bbox 543 3670 574 3724; x_wconf 91' lang='lat' dir='ltr'>et</span> <span class='ocrx_word' id='word_1_280' title='bbox 589 3661 721 3744; x_wconf 89' lang='lat' dir='ltr'>praemia</span> <span class='ocrx_word' id='word_1_281' title='bbox 736 3660 863 3722; x_wconf 89' lang='lat' dir='ltr'>reddant</span> 
     </span>
    </p>

    <p class='ocr_par' dir='ltr' id='par_1_38' title="bbox 99 3744 791 3829">
     <span class='ocr_line' id='line_1_41' title="bbox 99 3744 791 3829; baseline -0.004 -21"><span class='ocrx_word' id='word_1_282' title='bbox 99 3744 222 3824; x_wconf 90' lang='lat' dir='ltr'>Debita,</span> <span class='ocrx_word' id='word_1_283' title='bbox 238 3748 289 3829; x_wconf 91' lang='lat' dir='ltr'>qui</span> <span class='ocrx_word' id='word_1_284' title='bbox 303 3748 366 3810; x_wconf 89' lang='lat' dir='ltr'>nati</span> <span class='ocrx_word' id='word_1_285' title='bbox 381 3768 480 3810; x_wconf 89' lang='lat' dir='ltr'>coram</span> <span class='ocrx_word' id='word_1_286' title='bbox 495 3768 542 3809; x_wconf 91' lang='lat' dir='ltr'>me</span> <span class='ocrx_word' id='word_1_287' title='bbox 558 3767 681 3810; x_wconf 88' lang='lat' dir='ltr'>cernere</span> <span class='ocrx_word' id='word_1_288' title='bbox 697 3747 791 3807; x_wconf 89' lang='lat' dir='ltr'>letum</span> 
     </span>
    </p>
   </div>
   <div class='ocr_carea' id='block_1_3' title="bbox 399 3832 465 3894">
    <p class='ocr_par' dir='ltr' id='par_1_39' title="bbox 399 3832 465 3894">
     <span class='ocr_line' id='line_1_42' title="bbox 399 3832 465 3894; baseline 0 0"><span class='ocrx_word' id='word_1_289' title='bbox 399 3832 465 3894; x_wconf 77' lang='lat'>10*</span> 
     </span>
    </p>
   </div>
   <div class='ocr_carea' id='block_1_4' title="bbox 0 0 1255 4334">
    <p class='ocr_par' dir='ltr' id='par_1_40' title="bbox 0 0 1255 4334">
     <span class='ocr_line' id='line_1_43' title="bbox 0 0 1255 4334; baseline 0 0"><span class='ocrx_word' id='word_1_290' title='bbox 0 0 1255 4334; x_wconf 95' lang='lat' dir='ltr'> </span> 
     </span>
    </p>
   </div>
  </div>
 </body>
</html>
