2496 4334
446 266 607 312 assumes
629 267 694 312 ΗΒ.
718 266 765 314 IV.

86 416 179 482 Nunc
194 418 294 483 media
307 417 436 482 Aenean
451 440 553 482 secum
567 441 621 502 per
635 421 751 483 moenia
766 420 859 501 ducit,

88 501 285 586 Sidoniasque
301 511 431 567 ostentat
447 526 529 587 opes,
544 505 706 587 urbemque
722 512 879 588 paratam

85 587 199 671 Incipit
214 591 307 668 effari,
322 589 480 671 mediaque
496 591 527 652 iu
536 611 615 652 -voce
628 591 749 653 resistit.

85 672 176 736 Nunc
193 674 308 753 eadem,
323 675 442 737 labente
459 674 518 753 die,
535 675 669 737 convivia
681 677 809 758 quaerit,

84 757 252 840 Iliacosque
267 760 376 822 iterum
391 760 513 822 demens
528 760 632 822 andire
647 761 763 823 labores

86 841 239 925 Exposcit,
255 844 426 927 pendetque
442 846 551 907 iterum
564 846 713 908 narrantis
729 846 766 908 ab
781 866 843 908 ore.

86 927 171 1007 Post,
186 929 237 991 ubi
252 929 389 1011 digressi,
403 931 564 1012 lumenque
579 931 706 992 obscura
720 930 848 993 vicissim

83 1011 172 1075 Luna
186 1015 305 1096 premit,
320 1015 506 1097 suadentque
522 1015 661 1076 cadentia
676 1015 775 1077 sidera
789 1035 916 1096 somnos,

85 1095 157 1160 Sola
171 1098 257 1161 domo
272 1106 387 1162 maeret
400 1121 507 1178 veens,
522 1101 683 1181 stratisque
699 1100 810 1162 relictis

82 1181 222 1246 Incubet.
268 1184 357 1246 Illum
372 1185 479 1247 absens
494 1184 647 1246 absentem
664 1183 805 1267 auditque
820 1184 984 1268 videtque;

81 1266 150 1328 Aut
163 1268 276 1349 gremio
291 1268 467 1347 Ascanium,
482 1270 624 1351 genitoris
639 1269 768 1351 imagine
785 1275 885 1352 capta,

82 1351 218 1432 Detinet,
233 1354 388 1416 infandum
401 1355 427 1417 si
441 1355 545 1416 fallere
560 1354 653 1436 possit
667 1375 807 1416 amorem.

82 1436 154 1499 Non
168 1445 294 1521 coeptae
309 1446 469 1522 assurgunt
483 1446 582 1501 turres
595 1459 604 1515 ;
626 1460 685 1500 non
700 1459 783 1500 arma
792 1439 936 1522 juventus

81 1520 215 1585 Exercet
227 1544 236 1599 ;
259 1531 411 1607 portusve,
427 1531 479 1586 aut
493 1525 719 1607 propugnacula
732 1525 810 1586 bello

81 1606 162 1670 Tuta
176 1615 303 1690 parant:
326 1609 460 1692 pendent
473 1630 565 1692 opera
578 1609 757 1691 interrupta,
771 1609 929 1692 minaeque
979 1639 982 1643 ¹

80 1691 239 1756 Murornm
252 1694 400 1776 ingentes,
416 1701 604 1777 aequataque
618 1695 757 1757 machina
771 1695 863 1757 coelo.

124 1776 223 1851 Quam
238 1779 323 1841 simul
338 1801 374 1842 ac
389 1781 442 1843 tali
456 1779 604 1864 persensit
618 1786 702 1861 peste
718 1779 815 1842 teneri

82 1859 162 1925 Cara
176 1863 198 1925 J
199 1864 261 1926 oris
276 1865 395 1948 conjnx,
410 1886 466 1928 nec
480 1865 590 1928 famam
605 1865 723 1927 obstare
738 1864 832 1928 furori
845 1884 854 1941 ;

80 1946 202 2010 Talibus
215 1949 401 2031 aggreditur,
414 1950 567 2015 Venerem
584 1948 725 2013 Saturnia
739 1949 846 2012 dictis:

80 2029 245 2114 Egregiam
262 2055 331 2097 vero
346 2035 465 2097 landem
479 2042 510 2098 et
524 2035 617 2117 spolia
631 2036 730 2118 ampla
744 2034 862 2097 refertis

80 2116 187 2199 Tuque
202 2139 336 2201 puerque
351 2126 420 2182 tuns
433 2141 441 2196 3
463 2141 604 2202 magnum
619 2127 650 2182 et
664 2119 852 2182 memorabile
868 2140 990 2199 numen,

79 2200 152 2264 Una
167 2203 233 2266 dolo
247 2203 348 2267 divum
362 2206 388 2268 si
402 2205 512 2268 femina
526 2205 606 2268 victa
620 2206 746 2268 duorum
761 2211 817 2267 est.

80 2285 149 2348 Nec
164 2309 212 2350 me
228 2288 303 2352 adeo
317 2290 404 2369 fallit,
419 2291 546 2352 veritam
561 2296 591 2352 te
606 2291 722 2352 moenia
735 2296 847 2368 nostra,

81 2369 244 2454 Suspectas
258 2375 395 2437 habuisse
411 2376 511 2438 domos
526 2373 714 2457 Carthaginis
729 2376 818 2436 altae.

80 2454 144 2518 Sed
159 2458 225 2538 quis
240 2460 297 2520 erit
311 2459 440 2522 modus?
464 2467 516 2522 ant
531 2481 589 2541 quo
604 2481 682 2522 nunc
698 2458 862 2522 certamina
875 2455 987 2520 tanto?

80 2538 161 2612 Quin
176 2542 273 2624 potins
288 2565 392 2626 pacem
407 2551 561 2607 aeternam
576 2552 739 2627 pactosque
753 2545 935 2626 hymenaeos

78 2624 264 2690 Exercemns
278 2627 291 2690 ?
313 2629 405 2692 habes
419 2636 482 2692 tota
497 2630 576 2712 quod
590 2636 690 2692 mente
706 2629 826 2711 petisti:
1071 2645 1118 2694 100

77 2709 179 2774 Ardet
194 2733 296 2775 amans
311 2713 401 2793 Dido,
416 2715 566 2797 traxitque
581 2736 636 2797 per
650 2735 716 2776 ossa
730 2714 871 2776 furorem.

79 2795 273 2860 Communem
286 2799 366 2861 hunc
382 2821 454 2881 ergo
468 2801 619 2882 populum,
634 2800 813 2882 paribusque
829 2816 968 2879 regamus

76 2882 230 2963 Auspiciis
243 2903 252 2959 ;
274 2883 365 2946 liceat
379 2884 513 2968 Phrygio
528 2885 639 2946 servire
654 2884 771 2961 marito,

76 2965 261 3049 Dotalesqne
277 2977 348 3030 tuae
363 2969 468 3052 Tyrios
484 2970 655 3052 permittere
671 2970 807 3031 dextrae.

120 3048 339 3114 Olli—sensit
354 3055 432 3115 enim
446 3055 583 3116 simulata
597 3060 696 3115 mente
710 3054 851 3130 locutam,
1069 3071 1115 3118 105

77 3133 144 3205 Quo
159 3157 285 3218 regnum
300 3138 406 3201 Itadiac
422 3139 550 3223 Libycas
565 3144 716 3201 averteret
730 3158 796 3199 oras
807 3173 851 3184 -

78 3217 128 3282 Sic
144 3228 250 3285 contra
264 3229 311 3284 est
325 3223 460 3305 ingressa
474 3225 599 3287 Venus:
646 3222 720 3296 Quis
740 3223 812 3284 talia
826 3221 950 3285 demens

75 3306 213 3384 Abnnat,
229 3313 281 3369 ant
296 3314 396 3370 tecum
410 3309 494 3371 malit
508 3307 687 3371 contendere
702 3306 804 3370 bello?

78 3388 111 3451 Si
125 3391 224 3468 modo,
240 3392 321 3474 qnod
336 3414 492 3472 memoras,
506 3394 619 3455 factum
633 3393 753 3455 fortuna
767 3397 919 3474 sequatur.

78 3472 140 3537 Sed
154 3476 224 3538 fatis
238 3477 355 3539 incerta
369 3479 459 3557 feror,
475 3479 499 3540 si
513 3478 635 3560 Jupiter
648 3498 739 3539 unam
1068 3493 1114 3540 110

77 3558 152 3622 Esse
168 3562 241 3622 velit
256 3562 353 3644 Tyriis
368 3564 472 3624 urbem
487 3563 635 3647 Trojaqne
650 3563 802 3644 profectis,

76 3643 237 3708 Miscerive
253 3647 359 3729 probet
372 3649 505 3730 populos,
521 3655 575 3710 aut
588 3648 710 3709 foedera
720 3646 818 3730 jungi.

77 3729 123 3792 Tu
137 3732 268 3815 conjurg3
291 3732 344 3794 tibi
359 3733 404 3795 fas
419 3734 549 3796 animum
563 3739 680 3796 tentare
696 3730 857 3814 precando.
