2496 4334
457 303 618 351 auunmos
643 304 709 351 mn.
732 305 765 350 x.
1075 286 1139 353 279

101 457 143 520 Et
155 478 235 520 nunc
251 458 386 540 palantes
400 455 498 536 video,
514 457 717 539 gemitumque
732 455 893 519 cadentum

99 541 253 625 Accipio?
298 541 377 614 Quid
392 561 461 624 ago,
478 548 530 604 aut
545 562 622 624 quac
632 543 697 624 jam
712 541 784 603 satis
798 540 858 602 ima
869 539 1004 604 dehiscat
1090 560 1137 609 675

100 627 195 688 Terra
208 626 306 688 mihi?
351 626 415 688 Vos
430 647 447 688 o
462 627 560 708 potius
574 626 769 705 miserescite,
784 624 886 688 venti!

99 709 139 772 ln
153 732 254 793 rupes,
269 711 301 772 in
315 731 441 772 saxa-
452 711 554 773 volens
568 731 620 773 vos
635 711 753 772 Turnus
768 709 859 772 adoro
870 745 915 756 -

99 794 191 857 Ferte
205 802 312 873 ratem,
328 794 484 876 saevisque
499 795 583 857 vadis
598 795 747 857 immittite
764 793 874 877 Syrtis,

100 878 166 951 Quo
180 900 278 961 neque
293 899 342 941 me
358 879 475 958 Rutuli,
490 900 546 941 nec
562 879 680 942 conscia
693 879 773 940 fama
787 885 940 960 sequatur.

98 963 186 1026 Haec
201 984 368 1026 memorans
383 964 481 1025 animo
495 984 575 1027 nunc
589 964 648 1026 huc
659 983 739 1024 nunc
753 963 880 1024 fluctuat
892 962 976 1040 illuc,

98 1048 151 1110 An
165 1069 231 1110 sese
245 1068 387 1111 mucrone
401 1048 438 1109 ob
454 1054 572 1110 tantum
586 1047 717 1110 dedecus
733 1067 834 1109 amens

98 1131 221 1211 Induat,
237 1140 268 1194 et
283 1132 409 1194 crudum
423 1153 478 1215 per
492 1139 589 1194 costas
604 1132 706 1213 exigat
720 1152 822 1194 ensem
834 1150 843 1207 ;

97 1216 253 1279 Fluctibus
268 1238 307 1278 an
316 1217 411 1299 jaciat
425 1216 541 1295 mediis,
557 1222 589 1279 et
602 1216 690 1278 litora
704 1215 804 1278 nando

99 1301 201 1363 (lurra
215 1307 309 1383 petat,
325 1301 535 1382 Teucrumque
548 1301 658 1362 iterum
673 1321 705 1362 se
720 1299 829 1362 reddat
844 1299 875 1360 in
890 1319 983 1363 arma.

98 1385 159 1448 Ter
173 1392 295 1447 conatus
309 1392 467 1466 utramque
482 1385 580 1447 uiam:
605 1391 652 1447 ter
665 1384 794 1446 maxima
807 1383 829 1445 J
829 1405 889 1446 uno

99 1469 264 1547 Continuit,
275 1471 477 1552 juvenemque
493 1469 589 1531 animo
603 1469 744 1531 miserata
757 1467 910 1549 repressit.

98 1553 224 1616 Labitur
239 1556 300 1616 alta
315 1574 420 1616 secans
434 1554 587 1636 fluctuque
603 1560 748 1636 aestuque
763 1552 906 1631 secundo,
986 1563 987 1566 ’

98 1637 140 1700 Et
150 1638 244 1721 patris
260 1639 414 1720 antiquam
428 1637 530 1700 Dauni
545 1638 680 1700 defertur
696 1637 735 1701 ad
750 1637 866 1699 urbem.

139 1723 186 1783 At
199 1722 222 1784 J
223 1722 285 1784 ovis
299 1723 415 1784 interea
429 1722 546 1785 monitis
560 1722 728 1785 Mezentius
744 1721 853 1784 ardens

100 1804 243 1870 Succedit
256 1828 387 1889 pugnae,
402 1807 592 1890 Teucrosque
607 1807 722 1870 invadit
736 1812 869 1869 ovantes.

100 1890 291 1954 Concurrunt
305 1891 478 1975 Tyrrhenae
494 1892 584 1971 acies,
600 1899 690 1974 atquc
706 1890 839 1954 omnibus
856 1889 920 1970 uni,

98 1975 161 2038 Uni
176 1976 308 2058 odiisque
323 1977 386 2038 viro
404 1977 530 2058 telisque
550 1976 757 2059 frequentibus
774 1975 897 2037 instant.

98 2059 167 2138 Ille,
182 2062 266 2123 uelut
278 2081 380 2144 rupes,
395 2067 512 2123 vastum
527 2081 604 2143 quae
620 2060 719 2143 prodit
732 2061 764 2122 in
778 2079 890 2141 aequor

100 2143 197 2207 Obvia
210 2152 367 2208 uentorum
380 2146 465 2208 furiis
480 2151 661 2228 expostaque
677 2151 778 2228 ponto,

98 2228 171 2292 Vim
186 2236 324 2292 cunctam
339 2237 429 2312 atque
444 2229 538 2292 rumas
553 2231 668 2313 perfert
682 2229 816 2311 coelique
831 2226 993 2310 marisque,
1087 2244 1135 2295 oss

97 2312 171 2395 lpsa
184 2314 305 2376 immota
318 2335 463 2389 manens3
486 2315 599 2396 prolem
613 2313 803 2393 Dolichaonis
817 2311 956 2374 Hebrum

100 2396 215 2459 Sternit
229 2399 321 2476 humi,
337 2419 405 2460 cum
420 2420 478 2480 quo
493 2398 643 2481 Latagum
657 2399 853 2479 Palmumque
868 2396 1028 2477 fugacem:

100 2480 162 2545 Sed
177 2482 326 2564 Latagum
340 2503 411 2545 saxo
426 2489 517 2564 atque
532 2483 647 2565 ingenti
660 2482 807 2564 fragmine
821 2481 930 2543 montis

100 2564 238 2648 Occupat
252 2589 284 2630 os
298 2568 464 2649 faciemque
480 2567 648 2646 adversam,
662 2568 772 2650 pophte
789 2566 925 2628 Palmum

100 2650 224 2714 Succiso
238 2652 316 2715 volvi
330 2672 453 2733 segnem
468 2653 538 2714 sinit
552 2673 560 2727 ;
583 2672 724 2734 armaque
740 2651 839 2714 Lauso

98 2735 200 2798 Donat
213 2737 323 2799 habere
338 2737 469 2799 humeris
485 2744 516 2798 et
529 2737 642 2799 uertice
658 2738 752 2818 figere
769 2737 885 2798 cristas.

98 2821 131 2883 N
133 2841 167 2882 ec
182 2842 242 2882 nou
257 2821 417 2883 Euanthen
432 2821 609 2905 Phrygium,
626 2821 804 2902 Paridisque
819 2820 967 2882 Mimanta

99 2906 268 2986 Aequalem
281 2907 489 2987 comitemque,
504 2928 564 2969 una
580 2927 670 2988 quem
684 2912 771 2968 nocte
787 2905 909 2968 Theano

100 2988 139 3052 In
152 2991 251 3051 lucem
266 2991 393 3072 genitori
408 2990 526 3074 Amyco
542 2990 636 3068 dedit,
652 2997 684 3052 et
697 2992 763 3052 face
778 3007 947 3072 praegnans

101 3074 212 3136 Cisseis
228 3075 332 3156 regina
346 3075 469 3137 Parim:
493 3075 580 3137 Paris
594 3074 668 3136 urbe
683 3080 810 3156 paterna
1091 3085 1138 3132 705

102 3158 250 3236 Occubat,
264 3160 402 3240 ignarum
417 3159 552 3222 Laurens
567 3159 659 3221 habet
672 3180 726 3222 ora
740 3158 899 3221 Mimanta.

100 3243 150 3306 Ac
165 3245 249 3305 velut
263 3245 312 3306 ille
329 3264 436 3306 canum
450 3266 551 3306 morsu
565 3244 603 3306 de
618 3244 766 3307 montibus
782 3244 849 3306 altis

101 3328 200 3391 Actus
216 3348 299 3410 aper,
313 3330 421 3391 multos
436 3330 569 3392 Vesulus
584 3349 674 3412 quem
687 3329 795 3411 pinifer
810 3347 903 3392 annos

102 3412 258 3491 Defendit,
273 3415 439 3495 multosque
455 3414 540 3495 palus
555 3413 729 3492 Laurentia,
744 3414 819 3476 silva

83 3575 87 3583 ι
103 3497 213 3559 Pastum
228 3498 403 3575 arundinea,
418 3505 575 3580 postquam
589 3499 668 3560 inter
682 3498 758 3560 retia
774 3503 898 3561 ventum
912 3500 970 3573 cst,

106 3580 258 3660 Substitit,
273 3583 484 3664 infremuitque
500 3583 584 3645 ferox
599 3589 631 3644 et
646 3582 793 3643 inhorruit
808 3600 905 3644 armos
918 3599 927 3655 ;

105 3666 172 3728 Nec
189 3666 327 3748 cuiquam
341 3666 428 3728 irasci
443 3668 600 3749 propiusve
616 3667 761 3729 accedere
776 3666 883 3743 uirtus,
1006 3668 1007 3671 ’

107 3750 168 3814 Sed
178 3752 288 3834 jaculis
302 3751 435 3834 tutisque
450 3754 554 3836 procul
568 3751 745 3836 clamoribus
760 3747 873 3813 iustam
885 3767 894 3824 ;
