2496 4334
96 274 159 338 182
432 292 461 336 P.
486 291 627 336 vrao1n11
649 290 792 336 11111111

95 443 259 522 Invalidus,
275 445 353 506 vires
368 443 447 505 ultra
461 450 630 526 sortemque
645 450 794 506 senectae.

97 527 186 605 Quin,
201 534 236 590 ut
250 541 280 590 te
296 529 420 610 supplex
434 535 568 610 peterem
583 536 614 590 et
629 536 682 590 tua
696 529 798 591 limina
813 528 937 606 adirem,
1083 546 1129 594 115

96 613 182 675 Idem
197 634 283 676 orans
299 613 440 675 mandata
455 613 555 675 dabat.
602 612 752 694 Gnatique
767 614 931 695 patrisque,

96 696 197 775 Alma,
213 719 328 779 precor,
343 697 506 773 misererc3
529 703 613 780 potes
627 719 755 780 namque
772 698 880 776 omnia,
895 717 951 760 nec
967 702 997 759 te

98 781 310 864 Nequidquam
324 782 399 845 lucis
416 782 534 844 Hecate
550 783 694 864 praefecit
709 781 862 857 Avernis;

98 865 130 928 si
146 867 241 948 potuit
255 866 362 929 Manes
378 886 528 929 arcessere
545 868 678 950 conjugis
695 865 844 948 Orpheus,

96 951 235 1013 Threicia
248 952 343 1014 fretus
359 951 474 1013 cithara
487 951 653 1034 fidibusque
675 952 789 1013 canoris
803 974 810 1013 :

98 1034 131 1097 Si
146 1037 269 1098 fratrem
284 1036 391 1098 Pollux
406 1037 521 1098 alterna
535 1043 629 1098 morte
645 1037 782 1114 redemit,

96 1120 186 1201 Itque
201 1121 337 1202 reditque
354 1121 431 1182 viam
447 1121 544 1182 toties.
590 1119 669 1192 Quid
684 1121 800 1183 Thesea
814 1142 967 1202 magnum,

98 1203 177 1276 Quid
192 1227 351 1267 memorem
364 1203 520 1266 Alciden?
565 1204 606 1265 Et
620 1205 660 1267 mi
676 1226 770 1286 genus
785 1207 822 1267 ab
837 1206 859 1268 J
860 1227 915 1268 ove
931 1225 1053 1267 summo.

97 1289 217 1352 Talibus
233 1291 337 1352 orabat
353 1289 450 1366 dictis,
467 1309 593 1370 arasque
608 1290 740 1368 tenebat,

98 1373 196 1444 Quum
211 1375 253 1436 sic
268 1395 335 1436 orsa
349 1374 427 1436 locui
441 1379 545 1435 vates:
572 1372 643 1435 Sate
659 1375 802 1456 sanguine
819 1374 930 1452 divum,
1085 1392 1132 1440 125

98 1458 172 1520 Tros
186 1458 381 1536 Anchisiade,
395 1458 489 1520 facilis
505 1457 665 1520 descensus
680 1459 822 1521 Averno:

97 1542 212 1605 Noctes
227 1550 317 1625 atque
333 1542 396 1604 dies
410 1549 494 1625 patet
509 1542 566 1604 atri
576 1542 670 1624 janua
684 1544 762 1606 Ditis
775 1564 783 1619 ;

100 1625 161 1688 Sed
176 1648 316 1689 revocare
332 1627 458 1709 gradum
473 1648 654 1710 superasque
670 1628 796 1690 evadere
813 1628 852 1690 ad
868 1649 966 1705 auras,

98 1711 166 1772 Hoc
182 1733 266 1794 opus,
281 1712 328 1774 hic
343 1713 427 1774 labor
442 1718 497 1774 est.
542 1711 648 1789 Pauci,
664 1733 738 1794 quos
754 1733 867 1795 aequus
882 1713 993 1776 amavit

97 1794 230 1877 Jupiter,
246 1803 298 1858 aut
313 1797 421 1859 ardens
437 1796 535 1858 evexit
550 1796 588 1857 ad
604 1796 726 1858 aethera
740 1797 845 1875 virtus,
1086 1817 1132 1864 130

19 1915 26 1931 ι
98 1879 153 1941 Dis
168 1881 261 1962 geniti
276 1887 409 1963 potuere.
454 1880 573 1942 Tenent
585 1881 685 1943 media
703 1882 799 1944 omnia
814 1883 917 1962 silvae,

100 1963 286 2048 Cocytosque
301 1965 368 2027 sinu
382 1965 485 2027 labens
500 1966 695 2028 circumvenit
709 1973 783 2029 atro.

99 2047 185 2121 Quod
200 2050 225 2112 si
239 2056 341 2112 tantus
356 2070 438 2112 amor
450 2051 554 2128 menti,
570 2050 594 2112 si
609 2057 694 2112 tanta
708 2051 815 2132 cupido
830 2057 877 2113 est

97 2133 151 2197 Bis
168 2133 289 2218 Stygios
303 2135 406 2196 innare
421 2135 515 2211 lacus,
530 2135 575 2196 bis
589 2136 676 2217 nigra
691 2135 792 2198 videre

98 2219 236 2298 Tartara,
251 2225 282 2282 et
296 2219 399 2281 insano
408 2220 496 2301 juvat
510 2219 665 2300 indulgere
681 2220 795 2282 labori:
1087 2240 1133 2286 135

97 2302 224 2385 Accipe,
240 2324 319 2385 quae,
332 2304 504 2385 peragenda
519 2303 610 2384 prius.
656 2303 746 2366 Latet
760 2306 866 2368 arbore
883 2325 976 2386 opaca

97 2387 219 2449 Aureus
235 2395 265 2449 et
279 2389 355 2450 foliis
371 2395 402 2450 et
415 2389 494 2450 lento
510 2389 616 2450 vimine
638 2410 748 2467 ramus,

98 2473 210 2534 Junoni
226 2473 359 2535 infernae
375 2474 472 2535 dictus
488 2493 592 2534 sacer:
615 2474 695 2534 huno
710 2473 787 2555 tegit
801 2474 894 2535 omnis

99 2557 210 2635 Lucus,
226 2565 258 2618 et
272 2558 403 2620 obscuris
418 2558 561 2618 claudunt
576 2559 756 2620 convallibus
771 2560 904 2621 umbrae.

102 2641 163 2703 Sed
177 2663 236 2703 non
251 2648 319 2703 ante
336 2642 425 2703 datur
439 2641 553 2703 telluris
568 2650 672 2723 operta
687 2643 795 2720 subire,
1086 2661 1132 2707 140

98 2725 274 2788 Auricomos
290 2746 379 2808 quam
394 2726 445 2807 qui
460 2725 644 2806 decerpserit
659 2728 762 2788 arbore
778 2728 867 2788 fetus.

99 2810 167 2872 Hoc
183 2810 237 2872 sibi
252 2811 376 2891 pulchra
390 2832 476 2872 suum
491 2810 563 2871 ferri
579 2810 757 2892 Proserpina
771 2832 878 2873 munus

99 2894 245 2955 Instituit.
291 2895 391 2956 Primo
406 2895 509 2954 avulso
524 2915 582 2955 non
597 2894 698 2956 deficit
717 2897 792 2956 alter

99 2979 232 3054 Aureus,
248 2984 279 3039 et
294 2978 380 3039 simili
393 2977 556 3039 frondescit
571 2979 657 3059 virga
671 2980 800 3040 metallo.

100 3062 182 3143 Ergo
198 3063 256 3123 alte
273 3062 388 3142 vestiga
402 3062 505 3139 oeulis,
522 3063 623 3124 etrite
640 3071 791 3145 repertum
1090 3083 1135 3128 141

102 3146 198 3227 Carpe
214 3166 324 3207 manu:
349 3167 477 3228 namque
492 3146 555 3228 ipse
572 3149 672 3208 volens
687 3148 841 3228 facilisque
857 3154 1010 3228 sequetur,

103 3229 135 3291 si
151 3238 180 3291 te
195 3230 259 3292 fata
273 3236 381 3292 vocant
394 3249 401 3304 3
425 3231 512 3291 aliter
526 3252 586 3292 non
600 3232 711 3294 viribus
726 3232 793 3292 ullis

100 3315 243 3392 Vincere,
258 3335 314 3376 nec
330 3314 404 3375 duro
419 3315 529 3395 poteris
545 3317 710 3377 convellere
725 3317 814 3378 ferre.

101 3399 265 3460 Praeterea
274 3400 358 3482 jacet
374 3399 541 3460 exanimum
555 3400 609 3460 tibi
624 3420 730 3482 corpus
745 3399 881 3462 amici-

101 3484 173 3545 Heu
187 3484 499 3566 nescis-totamque
515 3482 643 3546 incestat
657 3486 763 3547 funere
780 3486 915 3562 classem,
1091 3504 1137 3550 150

102 3568 182 3628 Dum
198 3569 332 3630 consulta
346 3568 422 3649 petis
438 3575 597 3649 nostroque
613 3570 644 3630 in
659 3571 758 3631 limine
774 3569 898 3651 pendes.

18 3682 22 3691 ·
104 3649 230 3713 Sedibus
244 3655 323 3715 hunc
339 3652 502 3714 reserante
518 3654 589 3730 suis,
605 3660 636 3714 et
651 3655 744 3715 conde
765 3654 910 3734 sepulcro.

102 3735 170 3797 Duc
185 3735 286 3817 nigras
301 3736 432 3820 pecudes
446 3758 453 3797 :
478 3757 515 3798 ea
528 3737 624 3818 prima
638 3738 756 3820 piacula
770 3745 868 3798 sunto.
