2496 4334
135 260 197 327 258
472 282 502 326 n
525 281 667 328 mauram
685 279 834 327 unnours

132 431 172 495 In
186 431 264 496 vada
277 433 485 516 praecipitant,
498 455 590 516 quum
604 433 726 516 Jupiter
739 432 877 496 horridus
893 433 1001 497 amuis
1113 428 1117 434 ⁴

133 517 265 599 Torquet
280 538 421 599 aquosam
435 518 562 580 hiemem
577 524 609 581 et
623 520 705 582 coelo
721 539 796 581 cava
809 519 911 582 nubila
924 518 1046 602 rumpit.

176 602 333 664 Pandarus
348 608 379 665 et
393 602 500 681 Bitias,
514 603 608 666 Idaeo
621 603 774 666 Alcanore
790 604 877 683 creti,

133 684 215 758 Quos
229 687 251 748 J
252 687 314 749 ovis
328 687 432 750 eduxit
445 689 513 750 luco
527 689 669 751 silvestris
684 689 774 751 Iaera
856 700 861 714 “

132 769 290 833 Abietibus
300 772 428 854 juvenes
444 773 546 854 patriis
562 780 593 835 et
606 774 756 835 montibus
770 792 893 854 aequos,

132 855 266 934 Portam,
282 877 359 938 quae
374 856 458 919 ducis
472 857 595 940 imperio
611 859 777 934 commissa,
791 857 963 938 recludunt,

132 939 217 1002 Freti
231 942 331 1020 armis,
346 943 484 1024 ultroque
498 943 626 1004 invitant
640 942 792 1005 moenibus
807 942 933 1006 hostem.

132 1024 196 1107 Ipsi
210 1025 289 1087 intus
304 1024 410 1089 dextra
425 1048 460 1089 ac
476 1029 562 1090 laeva
576 1048 630 1109 pro
645 1028 776 1089 tmribus
792 1026 924 1108 alstant,

131 1109 253 1172 Armati
267 1111 346 1172 ferro
362 1116 393 1174 et
408 1112 505 1174 cristis
520 1113 619 1194 capita
633 1113 695 1174 alta
710 1112 825 1174 corusci
838 1131 847 1189 ;

133 1193 244 1266 Quales
259 1195 359 1258 adriae
373 1196 518 1277 liquentia
531 1197 653 1258 flumina
668 1197 791 1274 circum,

134 1277 204 1343 Sive
220 1279 297 1341 Padi
311 1281 393 1363 ripis,
408 1281 548 1343 Athesim
563 1301 617 1343 seu
630 1287 754 1364 propter
770 1302 937 1359 amoenum,

134 1364 326 1446 Consurgimt
341 1366 476 1446 geminae
493 1387 633 1447 quercus,
648 1367 824 1448 intonsaque
837 1367 920 1429 coelo

132 1447 286 1511 Attollunt
300 1450 399 1532 capita
414 1457 445 1512 et
459 1451 575 1513 sublimi
588 1452 700 1513 vertice
716 1458 833 1513 nutant.

133 1533 317 1615 Irrumpunt,
334 1535 432 1597 aditus
447 1535 555 1597 Rutuli·
563 1542 598 1597 ut
613 1536 714 1597 videre
730 1542 879 1618 patentes.

134 1616 281 1680 Continuo
296 1618 450 1691 Quercens
466 1625 498 1682 et
514 1621 638 1701 pulcher
651 1621 819 1702 Aquioolus
836 1621 925 1682 armis

133 1702 176 1765 Et
189 1723 333 1785 praeceps
349 1705 437 1766 animi
452 1705 578 1767 Tmarus
594 1712 625 1767 et
640 1705 808 1767 Mavortius
818 1705 958 1768 Haemon

133 1786 313 1868 Agminibus
327 1789 396 1851 totis
411 1796 464 1851 aut
475 1790 553 1851 versi
569 1797 656 1871 terga
671 1790 793 1867 dedere,

133 1871 200 1934 Aut
213 1872 276 1954 ipso
291 1880 394 1955 portae
409 1894 534 1956 posuere
551 1874 583 1935 in
597 1875 697 1936 limine
713 1874 814 1936 vitam.

134 1956 211 2017 Tum
224 1958 319 2038 magis
334 1958 505 2020 increscunt
520 1959 623 2020 saumis
639 1959 824 2021 discordibus
837 1958 913 2037 irae,

134 2042 176 2103 Et
185 2042 249 2123 jam
265 2044 381 2105 collecti
397 2044 489 2106 Trois
502 2045 704 2124 glomerantur
719 2044 835 2121 eodem,

135 2127 176 2191 llt
191 2128 327 2188 conferre
342 2149 462 2190 manum
477 2134 508 2190 et
523 2150 698 2211 procurrere
713 2129 830 2208 longius
846 2127 969 2190 audent.

177 2211 305 2273 Ductori
320 2213 430 2290 Turno,
446 2213 564 2274 diversa
577 2214 609 2274 in
623 2220 708 2294 parte
719 2213 832 2274 furenti

135 2296 339 2378 [turbantique
355 2297 444 2373 viros,
460 2297 610 2378 perfertur
630 2298 764 2375 nuntius,
778 2298 895 2359 hostem

135 2379 266 2442 Fervere
283 2381 375 2443 caede
390 2402 478 2459 nova,
495 2386 526 2443 et
540 2390 641 2463 portas
656 2383 800 2463 praebere
818 2388 967 2464 patentes.

135 2465 257 2527 Deserit
271 2467 424 2549 inceptum
440 2473 529 2548 atque
544 2467 664 2528 immani
680 2467 813 2529 concitus
828 2467 874 2528 ira

135 2550 318 2613 Dardaniam
333 2552 395 2613 ruit
409 2551 449 2614 ad
463 2557 579 2633 portam
593 2554 761 2634 fratresque
777 2551 930 2633 superbos

136 2636 177 2696 Et
191 2636 318 2717 primum
332 2635 531 2719 Antiphaten,
547 2638 577 2699 is·
587 2639 665 2700 enim
681 2659 712 2699 se
728 2636 840 2718 primus
856 2636 976 2718 agebat,

136 2720 278 2782 Thebana
293 2721 330 2782 de
345 2728 440 2783 matre
457 2722 581 2783 nothum
598 2721 778 2804 Sarpedonis
795 2722 858 2799 alti,

137 2804 279 2888 (lonjectc
295 2807 402 2868 sternit
411 2808 531 2890 jaculo:
556 2809 635 2869 volat
647 2808 727 2869 Itala
739 2827 846 2868 cornus

134 2889 220 2951 Ac'ra
235 2911 288 2971 per
303 2898 451 2967 tenerum,
467 2893 677 2974 stomachoque
692 2893 783 2953 infixa
799 2892 853 2953 sub
871 2892 965 2952 altum

136 2973 248 3036 Pectus
264 2975 345 3051 abit;
367 2976 467 3037 reddit
482 2996 588 3057 specus
604 2978 661 3038 atri
676 2977 807 3039 vulneris
821 2976 934 3037 undam
1127 2991 1175 3038 700

138 3057 344 3141 Spumantem,
360 3067 391 3122 et
404 3062 463 3123 fixo
478 3061 591 3122 ferrum
605 3062 636 3124 in
651 3063 788 3144 pulmone
805 3061 943 3142 tepescit.

136 3143 212 3204 Tum
223 3142 378 3227 Meropem
390 3152 480 3227 atque
493 3145 660 3228 Erymanta
668 3168 769 3224 manu,
781 3153 845 3208 tum
860 3144 967 3207 sternit
977 3138 1154 3223 Aphidnum
1165 3158 1175 3216 ;

136 3227 213 3289 Tum
227 3228 330 3290 Bitian
345 3230 501 3291 ardentem
516 3232 608 3292 oculis
624 3232 786 3311 animisque
802 3232 992 3305 frementem,

136 3310 168 3372 N
169 3333 207 3372 on
217 3313 318 3393 jaculo
332 3347 376 3357 —
391 3334 489 3395 neque
505 3315 584 3376 euim
594 3317 694 3398 jaculo
709 3316 800 3378 vitam
815 3316 865 3376 ille
881 3314 1013 3376 dedisset
1022 3343 1065 3355 —

138 3394 201 3458 Sed
214 3417 356 3477 magnum
372 3398 501 3460 stridens
516 3406 651 3462 contorta
673 3401 825 3483 phalarica
840 3400 932 3477 veuit,
1129 3413 1177 3461 705

136 3480 280 3542 Fulminis
297 3488 365 3544 acta
379 3482 485 3557 mod03
517 3504 606 3564 quam
621 3506 676 3546 nec
694 3486 752 3547 duo
764 3494 870 3547 taurea
885 3491 983 3564 terga,

137 3565 204 3628 Neo
220 3565 331 3648 duplici
346 3588 469 3649 squama
483 3569 575 3631 lorica
589 3570 684 3632 fidelis
700 3577 731 3631 et
746 3591 818 3632 auro

139 3648 304 3714 Sustinuit:
329 3655 459 3736 collapsa
473 3661 565 3716 ruunt
579 3655 719 3717 immania
732 3656 876 3718 membra.

137 3735 199 3798 Dat
214 3738 302 3801 tellus
317 3739 473 3821 gemitum,
488 3746 519 3802 et
534 3741 674 3824 clypeum
689 3761 778 3823 super
792 3742 910 3804 intonat
929 3739 1047 3822 ingens.
