2496 4334
143 266 203 331 194
379 239 384 254 ⁸
471 285 499 329 P.
525 283 666 330 vmumu
688 282 832 330 umorue

139 436 277 514 Lumina,
292 435 547 518 praeeipitemque
563 435 683 499 immani
699 437 817 499 turbine
834 435 946 518 adegit.

138 522 279 584 Necnon
296 527 327 582 et
342 521 462 604 Tityon,
478 521 589 583 Terrae
605 522 815 604 omniparentis
831 523 993 598 alumnum,

140 606 271 669 Cernere
287 612 363 684 erat,
378 627 433 688 per
447 612 511 668 tota
525 628 632 668 novem
647 607 695 668 eui
702 607 813 688 jugera
828 626 935 687 corpus

138 691 317 772 Porrigitur,
333 703 488 772 rostroque
503 691 638 752 immanis
653 694 755 753 vultur
769 691 883 753 obunco

137 777 310 838 Immortale
320 777 410 858 jecur
424 775 550 838 tondens
564 776 753 858 fecundaque
768 776 870 859 poenis

137 861 275 939 Viscera,
291 860 475 942 rimaturque
491 860 596 942 epulis,
611 861 785 943 habitatque
802 861 932 949 subalbo

138 945 277 1023 Pectore,
291 965 346 1006 neo
361 946 443 1007 fibris
458 946 577 1027 requies
593 945 682 1007 datur
696 947 758 1008 ulla
774 945 896 1007 renatis.

71 1070 75 1076 -
138 1030 217 1101 Quid
232 1051 391 1091 memorem
406 1029 559 1112 Lapithas,
575 1029 681 1093 Ixiona
695 1028 945 1112 Pirithoumque?

138 1114 219 1187 Quos
234 1135 324 1196 super
339 1122 405 1176 atra
420 1115 493 1177 silex
503 1115 566 1197 jam
577 1115 640 1197 jam
655 1116 787 1196 lapsura,
803 1114 982 1196 cadentique
1004 1132 1007 1139 ·

137 1200 277 1261 Imminet
292 1199 438 1277 assimilis,
453 1201 555 1261 lucent
570 1200 735 1280 genialibus
751 1200 818 1261 altis

138 1284 244 1346 Aurea
258 1285 355 1347 fulcra
370 1284 452 1361 toris,
468 1285 634 1366 epulaeque
650 1291 719 1346 ante
734 1305 787 1346 ora
801 1290 923 1366 paratae

138 1369 273 1451 Regifico
287 1369 360 1430 luxu
374 1388 382 1443 ;
404 1369 564 1430 Furiarum
578 1369 706 1431 maxima
716 1370 805 1451 juxta

138 1454 288 1531 Accubat,
305 1459 336 1515 et
350 1454 484 1515 manibus
499 1453 636 1536 prohibet
650 1455 822 1536 contingere
838 1473 967 1529 mensas,

138 1538 341 1620 Exsurgitque
356 1539 453 1600 facem
468 1538 616 1617 attollens,
632 1545 722 1621 atquc
737 1539 852 1601 intonat
866 1558 928 1600 ore.
1011 1548 1014 1553 '

138 1623 209 1700 Hic,
226 1623 332 1704 quibus
343 1623 429 1685 invisi
444 1624 564 1701 fratres,
580 1623 651 1685 dum
666 1624 728 1685 vita
745 1623 895 1701 manebat,

138 1707 316 1770 Pulsatusve
331 1729 451 1789 parens,
467 1714 498 1770 et
512 1709 594 1770 fraus
608 1709 717 1770 innexa
732 1709 833 1770 clienti
845 1728 854 1784 ;

136 1792 203 1855 Aut
217 1793 268 1874 qui
285 1792 393 1854 divitiis
409 1793 463 1855 soli
476 1793 639 1855 incubuere
655 1793 791 1876 repertis,

137 1877 204 1940 Nec
220 1885 336 1960 partem
350 1899 475 1959 posuere
491 1878 571 1940 suis:
596 1899 673 1960 quae
688 1878 817 1940 maxima
831 1877 919 1940 turba
935 1884 980 1940 est
993 1897 1001 1953 3

138 1961 255 2044 Quique
271 1964 307 2025 ob
323 1962 501 2025 adulterium
517 1963 596 2025 oaesi
609 1983 617 2039 3
639 1963 749 2045 quique
766 1983 849 2024 arma
864 1963 960 2025 secuti
974 2004 976 2011 ·

136 2047 244 2130 Impia,
259 2068 315 2110 neo
331 2048 417 2110 veriti
432 2048 616 2110 dominorum
629 2048 733 2110 fallere
749 2048 881 2126 dextras,

136 2131 248 2195 Inclusi
263 2154 388 2215 poenam
403 2139 588 2215 exspectant.
634 2133 683 2195 Ne
700 2153 810 2214 quaere
827 2132 938 2210 doceri,

137 2216 234 2290 Quam
247 2238 372 2300 poenam
386 2237 394 2292 ;
417 2225 470 2279 aut
484 2238 561 2298 quae
576 2219 671 2280 forma
685 2218 763 2280 viros
779 2218 935 2281 fortunave
952 2216 1065 2279 mersit.
1155 2235 1171 2282 5

139 2299 250 2362 Saxum
264 2302 370 2383 ingens
384 2303 508 2363 volvunt
523 2302 582 2380 alii,
598 2303 747 2384 radiisque
762 2309 895 2377 rotarum

34 2399 37 2405 ’
136 2386 272 2448 Districti
287 2386 439 2468 pendent;
462 2386 557 2465 sedet,
574 2394 788 2469 aeternumque
804 2387 919 2450 sedebit

135 2471 246 2533 Infelix
261 2472 394 2534 Theseus
408 2492 416 2546 ;
439 2472 650 2555 Phlegyasque
666 2473 846 2535 miserrimus
862 2493 962 2535 omnes
999 2472 1002 2476 ’

135 2555 288 2618 Admonet
302 2564 333 2618 et
347 2577 457 2638 magna
471 2563 601 2619 testatur
615 2578 687 2619 voce
702 2578 758 2639 per
771 2558 911 2619 umbras:

135 2640 249 2703 Discite
260 2643 407 2724 justitiam
422 2643 535 2719 moniti,
551 2649 582 2704 et
597 2664 656 2703 non
669 2648 803 2703 temnere
819 2642 911 2704 divos.

135 2725 281 2787 Vendidit
295 2726 343 2788 hie
359 2747 431 2788 auro
446 2727 584 2808 patriam,
601 2726 809 2808 dominumque
825 2733 975 2808 potentem

134 2810 290 2891 Imposuit,
305 2811 370 2872 fixit
384 2813 466 2892 leges
482 2813 577 2892 pretio
592 2818 681 2893 atque
697 2812 797 2872 refixit
810 2831 817 2885 ;

134 2894 194 2957 Hic
211 2895 372 2957 thalamum
386 2896 494 2956 invasit
508 2904 597 2957 natae
613 2896 779 2977 vetitosque
795 2896 976 2976 hymenaeos
990 2917 997 2971 ;

134 2978 210 3041 Ausi
225 3001 326 3041 omnes
341 2980 467 3041 immane
483 2981 577 3058 nefaS,
595 3001 724 3062 ausoque
740 2980 834 3061 potiti.

133 3063 215 3142 Non,
229 3065 301 3125 mihi
316 3065 340 3126 si
354 3065 474 3145 linguae
491 3071 611 3127 centum
625 3066 695 3142 sint,
710 3085 821 3146 oraque
838 3071 969 3143 centum,

133 3147 246 3210 Ferrea
260 3170 328 3226 vox,
344 3169 444 3211 omnes
460 3151 606 3212 scelerum
623 3150 835 3231 comprendere
850 3150 970 3229 formas,

134 3230 241 3293 Omnia
256 3254 418 3314 poenarum
431 3254 607 3314 percurrere
622 3234 742 3295 nomina
757 3235 874 3315 possim.

175 3316 262 3378 Haec
278 3317 329 3378 ubi
345 3316 426 3378 diota
441 3317 524 3380 dedit
540 3319 653 3380 Phoebi
667 3319 813 3399 longaeva
828 3319 987 3381 sacerdos:

134 3399 195 3463 Sed
205 3402 269 3483 jam
281 3422 349 3482 age,
366 3422 455 3482 carpe
470 3402 548 3465 viam
564 3409 595 3464 et
609 3410 780 3483 susceptum
794 3405 905 3485 perfice
920 3425 1027 3465 munus
1040 3423 1049 3479 ;

131 3485 365 3549 Acceleremusl
390 3487 442 3548 ait.
489 3486 653 3570 Cyclopum
669 3487 778 3549 educta
794 3489 917 3551 caminis

131 3570 254 3633 Moenia
269 3571 416 3653 conspicio
432 3577 522 3654 atque
539 3573 663 3635 adverso
678 3573 790 3634 fornice
806 3579 918 3654 portas,
1012 3578 1015 3586 “

131 3654 218 3716 Haec
234 3656 285 3717 ubi
300 3677 353 3718 nos
365 3664 527 3740 praecepta
536 3657 645 3739 jubent
659 3657 808 3738 deponere
824 3657 911 3720 dona.

130 3736 269 3819 Dixerat,
285 3747 316 3802 et
329 3741 442 3823 pariter
457 3743 551 3822 gressi
566 3762 621 3824 per
636 3761 729 3824 opaca
744 3741 858 3803 viarum
