2496 4334
456 313 618 361 assumes
641 313 706 360 ms.
729 314 777 361 1u.
1083 299 1147 366 14⁷

98 465 192 530 Mene
206 467 286 550 fugis
300 466 313 530 l
357 469 419 532 Per
434 490 490 552 ego
504 469 559 532 has
573 471 722 552 lacrymas
741 468 938 554 dextramque
953 476 1037 535 tuam
1052 477 1095 552 te,
1105 509 1147 520 -

99 550 227 625 Quando
242 554 324 616 aliud
338 555 409 616 mihi
419 556 484 638 jam
498 556 624 618 miserae
639 556 712 616 nihil
727 555 792 637 ipsa
807 555 914 639 reliqui
925 593 968 604 —
1100 575 1147 625 315

98 636 160 701 Per
175 639 323 702 connubia
337 648 449 720 nostra,
465 662 520 723 per
540 642 674 722 inceptos
694 641 887 723 hymenaeos,

100 722 134 787 Si
144 725 224 799 bene
240 725 365 808 quidde
383 733 413 788 te
429 727 535 805 merui,
551 727 608 788 fuit
623 733 676 788 aut
690 726 743 787 tibi
759 726 922 808 quidquam

98 809 198 873 Dulce
214 832 328 874 meum:
347 812 488 874 miserere
504 811 607 874 domus
622 812 761 890 labentis,
777 818 809 873 et
822 812 921 891 istam,

100 895 175 975 Oro,
190 897 215 959 si
230 896 295 979 quis
310 897 408 959 adhuc
424 898 562 979 precibus
576 899 670 974 locus,
686 918 761 958 exue
777 904 919 959 mentem.

97 981 143 1044 Te
160 989 283 1065 propter
297 981 429 1066 Libycae
444 989 551 1064 gentes
566 983 797 1065 Nomadumque
811 983 933 1066 tyranni
1101 1004 1149 1054 320

100 1067 202 1130 Odere
216 1087 225 1143 ;
247 1068 355 1130 infensi
370 1068 454 1152 Tyrii
468 1088 475 1144 ;
498 1075 529 1130 te
545 1075 667 1151 propter
684 1067 824 1130 eumdem

98 1153 260 1214 Extinctus
275 1153 381 1236 pudor,
397 1160 439 1232 et,
455 1175 516 1236 qua
530 1155 592 1216 sola
607 1154 707 1216 sidera
721 1153 851 1232 adibam,

98 1237 194 1300 Fama
208 1238 309 1320 prior;
332 1240 381 1301 cui
396 1260 443 1301 me
458 1240 664 1301 moribundam
679 1239 804 1316 deseris,
819 1238 954 1322 hospes?
1028 1280 1030 1285 -

99 1323 169 1386 Hoc
186 1325 280 1386 solum
294 1345 402 1387 nomen
417 1326 558 1407 quoniam
572 1325 610 1386 de
626 1326 752 1408 conjuge
767 1330 872 1387 restat.

100 1408 182 1481 Quid
196 1408 320 1471 moror?
344 1431 383 1472 an
397 1431 466 1472 mea
481 1410 659 1494 Pygmalion
674 1411 745 1472 dum
759 1410 877 1472 moenia
891 1410 987 1473 frater
1103 1428 1151 1477 325

99 1493 258 1573 Destruat,
274 1501 326 1558 aut
340 1503 461 1578 captam
476 1496 568 1559 ducat
584 1495 730 1559 Gaetulus
746 1497 852 1559 Iarbas
866 1495 879 1558 l

101 1578 217 1644 Saltem
231 1581 256 1643 si
271 1602 331 1663 qua
345 1582 416 1643 mihi
432 1582 470 1644 de
486 1589 516 1644 te
532 1589 672 1664 suscepta
685 1582 792 1644 fuisset

99 1665 184 1729 Ante
197 1666 300 1748 fugam
315 1667 432 1730 suboles
446 1688 454 1744 ;
478 1668 502 1730 si
518 1667 584 1750 quis
598 1668 670 1730 mihi
684 1668 827 1750 paruulus
842 1668 911 1730 aula

100 1750 237 1814 Luderet
250 1751 384 1832 Aeneas,
401 1753 452 1836 qui
463 1759 494 1816 te
510 1760 611 1816 tamen
626 1774 677 1815 ore
698 1754 827 1814 referret
840 1772 849 1828 ;

100 1836 173 1900 Non
187 1837 326 1921 equidem
340 1839 457 1901 omnino
473 1845 562 1922 capta
577 1860 612 1902 ac
628 1839 749 1901 deserta
764 1838 893 1901 viderer.
1103 1856 1152 1906 33⁰

144 1922 282 1986 Dixerat.
327 1924 385 1986 Ille
399 1924 421 1986 J
422 1925 484 1987 ovis
499 1922 617 1988 monitis
631 1925 753 1987 immota
771 1925 894 1986 tenebat

100 2008 240 2088 Lumina,
257 2015 289 2071 et
303 2010 427 2072 obnixus
443 2031 546 2072 curam
561 2012 615 2073 sub
632 2009 722 2073 corde
737 2010 903 2092 premebat.

101 2094 237 2158 Tandem
251 2116 348 2178 pauca
361 2095 475 2158 refert:
501 2096 567 2178 Ego
583 2103 624 2175 te,
641 2117 718 2178 quae
735 2095 863 2177 plurima
877 2094 967 2158 fando

101 2179 289 2244 Enumerare
304 2182 398 2260 valea,
413 2203 576 2263 nunquam,
592 2183 707 2263 regina,
722 2181 839 2263 negabo

99 2266 321 2342 Promeritam3
343 2288 399 2328 nee
414 2287 461 2328 me
476 2267 644 2329 meminisse
660 2267 774 2349 pigebit
789 2266 917 2344 Elissae,
1102 2283 1150 2332 335

99 2349 182 2413 Dum
197 2373 310 2413 memor
324 2353 387 2434 ipse
402 2353 471 2428 mei,
488 2352 558 2413 dum
574 2353 695 2435 spiritus
710 2353 763 2414 hos
779 2352 860 2433 regit
874 2357 969 2413 artus.

99 2437 162 2500 Pro
176 2458 210 2499 re
225 2457 323 2519 pauca
337 2438 452 2520 loquar.
498 2438 607 2520 Neque
624 2459 680 2520 ogo
695 2439 772 2499 hanc
788 2437 972 2499 abscondere
987 2435 1069 2496 furto

102 2521 240 2605 Speravi,
257 2543 296 2584 ne
310 2523 403 2604 finge,
418 2523 542 2605 fugam;
565 2544 621 2585 noc
637 2524 772 2606 conjugis
788 2543 921 2604 unquam

99 2608 264 2671 Praetendi
280 2608 394 2686 taedas,
411 2615 463 2670 aut
477 2609 552 2670 haec
567 2609 598 2669 in
612 2608 737 2671 foedera
752 2608 831 2670 veni.

99 2693 152 2756 Me
168 2695 193 2758 si
209 2694 272 2756 fata
286 2693 359 2755 meis
374 2700 550 2775 paterentur
566 2695 677 2756 ducere
693 2695 786 2757 vitam

99 2778 263 2863 Auspiciis,
279 2784 310 2840 et
324 2786 428 2861 sponte
443 2800 511 2841 mea
526 2801 703 2862 componere
727 2800 835 2842 curas:

99 2865 215 2929 Urbem
229 2865 389 2948 Trojanam
403 2865 531 2947 primum
546 2865 708 2947 dulcesque
724 2886 858 2928 meorum

100 2951 254 3034 Reliquias
270 2952 419 3026 colerem3
443 2950 555 3013 Priami
570 2958 652 3013 tecta
668 2952 729 3013 alta
743 2955 911 3027 manerent,

101 3037 140 3099 llt
155 3036 289 3100 recidiva
303 3058 393 3098 manu
408 3037 572 3118 posuissem
587 3037 738 3119 Pergama
755 3036 852 3098 victis.

101 3120 161 3184 Sed
176 3143 256 3184 nunc
272 3122 392 3183 Italiam
406 3143 547 3204 maguam
562 3122 704 3207 Gryneus
727 3119 848 3204 Apollo,
1101 3137 1149 3184 345

99 3207 219 3270 ltaliam
234 3207 346 3292 Lyciae
357 3209 475 3291 jussere
491 3229 648 3290 capessere
664 3213 769 3270 sortes.

99 3293 158 3356 llic
175 3309 269 3372 amor,
284 3295 360 3355 haec
376 3294 473 3376 patria
488 3299 544 3356 est.
592 3293 625 3356 Si
641 3301 671 3356 te
688 3291 879 3374 Carthaginis
895 3311 992 3369 arces,

98 3378 303 3458 Phoenissam,
320 3378 512 3461 Libycaeque
528 3379 689 3462 adspectus
705 3379 820 3441 detinet
834 3376 936 3438 urbis:

99 3464 183 3537 Quae
196 3464 328 3543 tandem,
343 3465 482 3526 Ausonia
496 3465 628 3527 Teucros
644 3465 799 3527 considere
816 3469 912 3545 terra

98 3550 217 3613 Invidia
232 3550 303 3612 est?
349 3551 391 3612 Et
405 3571 458 3613 nos
473 3551 519 3612 fas
535 3557 639 3612 extera
655 3571 800 3633 quaerere
816 3568 920 3628 regna.
1101 3564 1148 3614 350

99 3636 150 3698 Me
166 3637 259 3720 patris
274 3636 439 3715 Anchisae,
455 3637 571 3718 quoties
586 3637 777 3698 humentibus
792 3632 904 3695 umbris

98 3722 130 3784 N
132 3743 170 3784 ox
184 3722 281 3804 operit
296 3728 404 3800 terras,
419 3723 536 3805 quoties
551 3729 633 3784 astra
647 3723 736 3804 ignea
752 3723 891 3801 surgunt,

98 3807 253 3870 Admonet
267 3807 299 3870 in
313 3807 433 3888 somnis,
448 3814 480 3870 et
494 3808 616 3872 turbida
631 3813 726 3870 terret
740 3807 839 3888 imago
853 3823 861 3881 ;
