2496 4334
378 643 415 706 P.
439 642 630 708 VIRGILII
659 641 861 707 MARONIS

173 805 938 957 '‘Anunruos

477 1089 590 1143 LIBER
612 1089 760 1144 PRIMUS.

542 1343 695 1390 -Φ-

100 1580 196 1664 [Iurm
212 1601 280 1662 ego,
297 1580 350 1664 qui
363 1579 513 1663 quondam
527 1579 632 1662 gracili
646 1578 816 1644 modulatus
831 1602 927 1649 avena

97 1665 239 1744 Carmen,
255 1672 298 1745 et,
313 1687 453 1748 egressus
468 1666 561 1744 silvis,
575 1665 674 1728 vicina
689 1666 774 1747 eoigi

96 1749 143 1814 Ut
158 1752 296 1833 quamvis
312 1750 399 1814 avido
412 1757 555 1834 parerent
569 1771 642 1813 arva
656 1749 771 1829 eolono,

97 1835 228 1899 Gratum
243 1857 317 1920 opus
331 1837 486 1918 agricolis:
510 1841 542 1898 at
556 1856 635 1898 nunc
650 1835 803 1899 horrentia
817 1835 942 1923 Martis]

96 2005 201 2069 Aaron
216 2006 372 2089 virumque
388 2026 473 2086 oano,
489 2006 596 2089 Trojae
612 2006 663 2088 qui
678 2006 791 2089 primus
806 2005 843 2068 ab
859 2007 918 2071 oris

97 2092 231 2170 Italiam,
245 2092 307 2154 fato
321 2091 477 2175 profugus,
492 2091 676 2172 Laviniaque
692 2092 775 2153 venit
818 2093 823 2105 “

97 2175 220 2252 Litora3
242 2177 368 2239 multum
381 2177 431 2238 ille
447 2182 479 2238 et
492 2176 580 2238 terris
591 2177 725 2258 jactatus
740 2182 772 2239 et
786 2177 858 2256 alto,

98 2262 140 2324 Vi
156 2284 309 2345 superum,
323 2282 430 2324 saevae
444 2282 604 2323 memorem
618 2261 641 2322 J
641 2262 747 2323 unonis
762 2262 798 2324 ob
813 2263 908 2338 iram3

96 2346 200 2410 Multa
214 2369 332 2430 quoque
349 2354 380 2409 et
393 2348 470 2408 bello
484 2367 601 2428 paeone,
616 2345 687 2407 dum
703 2347 846 2408 conderet
860 2349 977 2429 urbem,
1033 2340 1037 2347 ’

97 2433 290 2515 Inferretque
307 2433 378 2494 deos
393 2430 497 2493 Latio:
523 2452 618 2513 genus
632 2431 713 2492 unde
729 2431 881 2511 Latinum,

97 2519 271 2600 Albanique
286 2524 398 2600 patres,
414 2524 504 2598 atque
521 2518 599 2579 altae
615 2517 731 2578 moenia
745 2517 870 2579 Romae.

142 2603 244 2681 Musa,
259 2603 331 2664 mihi
346 2623 465 2665 caussas
480 2622 621 2680 memora,
637 2623 696 2684 quo
712 2602 832 2663 numine
847 2602 940 2683 laeso,

99 2687 218 2760 Quidve
235 2688 348 2766 dolens,
363 2689 468 2769 regina
483 2687 573 2748 deum
586 2693 633 2749 tot
647 2688 766 2749 volvere
783 2708 870 2750 casus

98 2774 254 2855 Insignem
268 2773 380 2856 pietate
395 2773 503 2851 virum,
518 2779 563 2835 tot
578 2773 660 2835 adire
675 2773 803 2851 laboreS,
937 2849 940 2856 Ι

98 2859 268 2940 Impulerit.
313 2859 466 2921 Tantaene
482 2859 587 2920 animis
602 2858 779 2920 coelestibus
793 2857 874 2922 irae!

142 2944 225 3007 Urbs
241 2943 364 3026 antiqua
377 2944 445 3022 fuit,
454 2979 498 2990 -
508 2944 592 3026 Tyrii
607 2951 731 3006 tenuere
748 2944 904 3022 coloni,-

100 3029 264 3110 Carthago,
279 3029 398 3091 Italiam
413 3035 517 3091 eontra
531 3030 731 3111 Tiberinaque
746 3029 834 3109 longe

101 3114 197 3193 Ostia,
214 3115 298 3176 dives
313 3136 412 3196 opum,
428 3115 593 3196 studiisque
609 3114 771 3196 asperrima
785 3113 873 3175 belli:

99 3199 198 3272 Quam
210 3200 293 3262 June
307 3200 404 3260 fertur
418 3200 506 3262 terris
520 3200 615 3280 magis
630 3200 764 3261 omnibus
778 3219 869 3260 unam

99 3285 277 3358 Posthabita
291 3285 415 3347 coluisse
433 3283 539 3360 Sam03
560 3285 609 3346 hie
624 3285 701 3346 illius
717 3304 811 3362 arma,

99 3371 159 3432 Hie
176 3391 282 3433 currus
296 3370 355 3432 firit
365 3392 378 3432 :·
395 3370 451 3433 hoo
467 3391 594 3451 regnum
608 3369 666 3431 dea
681 3369 819 3451 gentibus
834 3390 911 3449 esse,

101 3455 133 3517 Si
149 3477 210 3538 qua
225 3457 288 3518 fata
303 3456 412 3532 sinant,
423 3457 488 3538 jam
502 3461 566 3516 tum
581 3455 736 3536 tenditque
752 3454 904 3536 fovetque.

99 3542 281 3622 Progeniem
296 3540 349 3603 sed
365 3541 443 3602 enim
459 3540 585 3622 Trojano
601 3561 619 3602 a
633 3540 778 3622 sanguine
794 3539 864 3601 duoi

98 3627 263 3705 Audierat,
278 3627 385 3710 Tyrias
400 3626 469 3687 olim
483 3646 561 3707 quae
576 3631 709 3687 verteret
725 3644 827 3698 aroes3

99 3712 181 3775 Hine
198 3713 341 3796 populum
354 3711 416 3774 late
430 3732 534 3793 regem
549 3711 686 3792 belloque
702 3709 864 3791 superbum
