2496 4334
145 270 210 333 110
487 284 517 328 Ρ.
541 282 682 329 vraamn
704 267 849 328 uramus

145 438 343 521 Improvisum
357 437 451 520 aspris
467 435 561 498 veluti
575 434 625 517 qui
640 435 772 498 sentibus
788 456 916 517 anguem

146 524 261 586 Pressit
274 523 356 584 humi
371 523 479 598 nitens,
496 521 688 603 trepidusque
704 527 827 602 repente
843 521 955 603 refugit

147 609 344 671 Attollentem
355 608 425 685 iras,
441 613 472 669 et
487 607 607 669 caerula
622 607 698 667 colla
713 612 897 668 tumentem:

148 693 241 755 Haud
257 713 342 755 secus
357 692 536 773 Androgeos
551 691 617 752 visu
632 691 826 753 tremefactus
842 691 952 753 abibat.

147 778 306 854 Inruimus,
322 777 421 838 densis
437 783 468 837 et
483 775 749 838 circumfundimur
764 776 864 854 armis,

147 867 335 944 Ignarosque
350 862 408 924 loci
422 861 532 943 passim
548 866 578 921 et
592 859 747 922 formidine
765 866 867 942 captos

150 946 328 1009 Sternimus.
373 946 521 1027 Adspirat
535 945 629 1027 primo
644 944 764 1006 fortuna
776 945 879 1007 labori.

149 1031 252 1113 Atque
267 1031 315 1092 hic
330 1051 471 1092 successu
486 1030 638 1091 exsultans
654 1029 816 1112 animisque
834 1029 996 1109 Coroebus,

150 1115 177 1176 0
193 1116 275 1193 socii,
291 1136 351 1197 qua
365 1115 471 1197 prima,
485 1114 593 1196 inquit,
608 1114 728 1176 fortuna
742 1115 845 1177 salutis

148 1200 299 1262 Monstrat
312 1200 381 1278 iter,
398 1220 516 1282 quaque
531 1198 660 1261 ostendit
675 1219 706 1261 se
723 1199 840 1277 dextra,
855 1203 1036 1280 sequamur:

149 1285 302 1347 Maternus
317 1285 448 1368 clypeos,
463 1285 661 1365 Danaumque
676 1284 804 1365 insignia
817 1284 901 1346 nobis

148 1369 307 1452 Aptemua
353 1369 458 1448 Dolus,
474 1391 514 1432 an
528 1369 634 1446 virtus,
649 1369 715 1451 quis
729 1369 761 1430 in
774 1369 860 1431 hoste
875 1367 1036 1451 requirat?

150 1454 247 1517 Arma
262 1454 376 1515 dabunt
390 1454 456 1537 ipsi.
503 1452 553 1516 Sic
567 1453 658 1532 fatus,
674 1453 781 1516 deinde
797 1459 964 1516 comantem

149 1539 307 1620 Androgei
321 1540 438 1619 galeam
454 1539 610 1622 clypeique
626 1538 742 1620 insigne
759 1538 901 1601 decorum

149 1624 300 1701 Induitur,
316 1624 462 1706 laterique
477 1623 628 1705 Argivum
643 1624 845 1686 accommodat
860 1644 971 1688 ensem.

149 1708 217 1770 Hoc
233 1708 377 1790 Rhipeus,
391 1709 447 1770 hoc
462 1709 525 1790 ipse
541 1709 666 1792 Dymas,
682 1708 833 1790 omnisque
843 1709 988 1792 juventus

150 1792 247 1856 Laeta
261 1793 356 1868 sacit;
379 1794 477 1876 spoliis
492 1814 524 1855 se
541 1794 665 1876 quisque
680 1793 850 1855 recentibus
865 1801 972 1856 armat.

150 1878 298 1941 Vadimus
312 1878 437 1939 immixti
452 1878 567 1940 Danais
582 1878 663 1942 haud
678 1879 798 1940 numine
813 1884 924 1956 nostro,

150 1963 309 2045 Multaque
324 1984 379 2045 per
394 1983 515 2025 caecam
530 1963 682 2046 congressi
696 1963 808 2046 proelia
822 1970 941 2025 noctem

153 2047 363 2123 Conserimus;
385 2049 493 2110 multos
508 2048 647 2110 Danaum
662 2048 843 2110 demittimus
860 2047 949 2111 Orco.

150 2133 319 2215 Diffugiunt
334 2133 383 2195 alii
398 2132 437 2194 ad
451 2153 554 2212 naves,
570 2139 601 2195 et
616 2134 704 2195 litora
718 2154 808 2195 cursu

150 2217 227 2280 Fida
241 2224 348 2299 petunt
361 2238 370 2293 ;
392 2238 461 2300 pars
476 2218 629 2298 ingentem
643 2219 800 2280 formidine
815 2217 896 2300 turpi

153 2300 310 2365 Scandunt
324 2322 427 2364 rursus
442 2323 562 2384 equum,
578 2309 609 2364 et
624 2308 695 2364 nota
711 2303 880 2364 conduntur
893 2303 925 2364 in
940 2303 1016 2366 alvo.

194 2386 266 2449 Heu
280 2388 353 2449 nihil
367 2386 467 2449 inritis
482 2387 527 2449 fas
542 2408 721 2469 quemquam
735 2388 829 2450 fidere
844 2387 940 2452 divis!

151 2471 233 2534 Ecce
249 2472 425 2535 trahebatur
439 2473 532 2555 passis
548 2473 698 2535 Priameia
713 2473 797 2554 virgo

153 2556 290 2620 Crinibus
306 2578 324 2619 a
338 2559 449 2638 templo
465 2556 634 2620 Cassandra
648 2557 806 2640 adytisque
821 2555 990 2634 Minervae,

151 2641 204 2704 Ad
219 2643 334 2704 coelum
348 2642 475 2704 tendens
490 2641 627 2704 ardentia
640 2643 752 2703 lumina
766 2642 898 2703 frustra:

152 2725 290 2804 Lumina,
306 2748 376 2789 nam
391 2732 509 2789 teneras
525 2727 668 2789 arcebant
682 2728 801 2789 vincula
814 2727 938 2808 palmas.

151 2810 222 2873 Non
237 2812 306 2873 tulit
320 2812 397 2873 hanc
413 2812 543 2892 speciem
558 2812 668 2874 furiata
681 2818 781 2874 mente
798 2810 960 2888 Coroebus,

152 2895 194 2956 Et
208 2916 273 2957 sese
287 2896 419 2957 medium
432 2896 536 2978 injecit
551 2897 700 2979 periturus
716 2897 746 2958 ‘m
761 2917 879 2978 agmen.

153 2979 369 3061 Consequimur
383 2981 494 3058 cuncti,
510 2987 541 3042 et
556 2982 655 3042 densis
670 2981 847 3043 incurrimus
863 2978 962 3042 armis.

151 3065 211 3126 llic
228 3065 354 3147 primurn
369 3087 407 3127 ex
422 3066 482 3128 alto
498 3067 614 3128 delubri
630 3067 758 3127 culmine
774 3065 841 3127 telis

151 3149 331 3211 Nostrorum
345 3151 507 3229 obnrimur,
523 3151 674 3233 oriturque
690 3151 855 3212 miserrima
870 3149 980 3211 caedes

150 3233 313 3294 Armorum
327 3234 403 3296 facie
420 3241 451 3297 et
467 3234 626 3303 Graiarum
641 3256 742 3297 errore
753 3235 903 3318 jubarum.
952 3239 957 3247 '

151 3317 227 3378 'lum
242 3318 340 3379 Danai
355 3320 469 3398 gemitu
483 3326 573 3400 atque
589 3326 709 3401 ereptae
725 3320 847 3401 uirginis
862 3319 907 3392 ira

150 3401 292 3483 Undique
309 3403 425 3464 collecti
439 3403 595 3482 invadunt,
611 3404 774 3466 acerrimus
788 3402 880 3487 Ajax,

149 3487 192 3549 Et
207 3487 315 3568 gemini
329 3487 469 3565 Atridae,
484 3489 690 3571 Dolopumque
706 3489 853 3551 exercitus
869 3487 961 3550 omnis
974 3509 982 3550 r

150 3572 280 3633 Adversi
295 3577 384 3654 rupto
400 3592 456 3633 ceu
472 3574 620 3655 quondam
634 3575 751 3636 turbine
767 3573 848 3635 venti
974 3647 977 3653 7

151 3656 331 3737 Confligrmt,
348 3657 574 3740 Zephyrusque,
589 3658 760 3740 Notusque,
776 3664 807 3719 et
821 3658 919 3720 laetus
934 3657 1006 3720 Eois

151 3739 251 3800 llurus
266 3741 372 3823 equis3
395 3742 525 3804 stridunt
539 3743 642 3819 silvae,
658 3744 811 3824 saevitque
827 3741 951 3803 tridenti

1141 541 1188 587 380
