<?xml version="1.0" encoding="UTF-8"?>
<!DOCTYPE html PUBLIC "-//W3C//DTD XHTML 1.0 Transitional//EN"
    "http://www.w3.org/TR/xhtml1/DTD/xhtml1-transitional.dtd">
<html xmlns="http://www.w3.org/1999/xhtml" xml:lang="en" lang="en">
 <head>
  <title>
</title>
<meta http-equiv="Content-Type" content="text/html;charset=utf-8" />
  <meta name='ocr-system' content='tesseract 3.04.00' />
  <meta name='ocr-capabilities' content='ocr_page ocr_carea ocr_par ocr_line ocrx_word'/>
</head>
<body>
  <div class='ocr_page' id='page_1' title='image "./bucolicsgeorgic00virggoog_0047.png"; bbox 0 0 2496 4334; ppageno 0'>
   <div class='ocr_carea' id='block_1_1' title="bbox 145 242 845 329">
    <p class='ocr_par' dir='ltr' id='par_1_1' title="bbox 145 242 845 329">
     <span class='ocr_line' id='line_1_1' title="bbox 145 242 845 329; baseline -0.007 0"><span class='ocrx_word' id='word_1_1' title='bbox 145 266 185 329; x_wconf 88' lang='lat'>36</span> <span class='ocrx_word' id='word_1_2' title='bbox 277 242 278 246; x_wconf 21' lang='lat'>¹</span> <span class='ocrx_word' id='word_1_3' title='bbox 480 279 510 324; x_wconf 84' lang='grc' dir='ltr'>ι.</span> <span class='ocrx_word' id='word_1_4' title='bbox 534 279 677 325; x_wconf 82' lang='grc' dir='ltr'>ιιιιιιιιιι</span> <span class='ocrx_word' id='word_1_5' title='bbox 699 277 845 325; x_wconf 78' lang='lat' dir='ltr'>uinonrs</span> 
     </span>
    </p>
   </div>
   <div class='ocr_carea' id='block_1_2' title="bbox 41 433 1193 3856">
    <p class='ocr_par' dir='ltr' id='par_1_2' title="bbox 41 433 1193 3856">
     <span class='ocr_line' id='line_1_2' title="bbox 145 433 936 517; baseline -0.004 -19"><span class='ocrx_word' id='word_1_6' title='bbox 145 435 243 515; x_wconf 90' lang='lat' dir='ltr'>Luna,</span> <span class='ocrx_word' id='word_1_7' title='bbox 258 439 446 497; x_wconf 73' lang='lat' dir='ltr'>revertentes</span> <span class='ocrx_word' id='word_1_8' title='bbox 462 456 554 517; x_wconf 93' lang='lat' dir='ltr'>quum</span> <span class='ocrx_word' id='word_1_9' title='bbox 568 433 697 516; x_wconf 81' lang='lat' dir='ltr'>primum</span> <span class='ocrx_word' id='word_1_10' title='bbox 712 434 824 517; x_wconf 76' lang='lat' dir='ltr'><strong>colligit</strong></span> <span class='ocrx_word' id='word_1_11' title='bbox 840 434 936 516; x_wconf 89' lang='lat' dir='ltr'>ignes,</span> 
     </span>
     <span class='ocr_line' id='line_1_3' title="bbox 147 520 896 604; baseline -0.003 -21"><span class='ocrx_word' id='word_1_12' title='bbox 147 521 180 584; x_wconf 80' lang='lat' dir='ltr'>si</span> <span class='ocrx_word' id='word_1_13' title='bbox 195 522 315 604; x_wconf 88' lang='lat' dir='ltr'>nigrum</span> <span class='ocrx_word' id='word_1_14' title='bbox 330 521 454 584; x_wconf 89' lang='lat' dir='ltr'>obscuro</span> <span class='ocrx_word' id='word_1_15' title='bbox 470 520 690 602; x_wconf 81' lang='lat' dir='ltr'><strong>comprenderit</strong></span> <span class='ocrx_word' id='word_1_16' title='bbox 706 521 778 582; x_wconf 67' lang='lat' dir='ltr'>adra</span> <span class='ocrx_word' id='word_1_17' title='bbox 792 542 896 598; x_wconf 88' lang='lat' dir='ltr'>cornu,</span> 
     </span>
     <span class='ocr_line' id='line_1_4' title="bbox 145 606 921 690; baseline -0.004 -21"><span class='ocrx_word' id='word_1_18' title='bbox 145 608 296 670; x_wconf 86' lang='lat' dir='ltr'>Maximus</span> <span class='ocrx_word' id='word_1_19' title='bbox 312 606 449 688; x_wconf 81' lang='lat' dir='ltr'>agricolis</span> <span class='ocrx_word' id='word_1_20' title='bbox 464 607 630 690; x_wconf 80' lang='lat' dir='ltr'>pelagoque</span> <span class='ocrx_word' id='word_1_21' title='bbox 648 606 802 688; x_wconf 88' lang='lat' dir='ltr'>parabitur</span> <span class='ocrx_word' id='word_1_22' title='bbox 816 607 921 668; x_wconf 81' lang='lat' dir='ltr'><strong>imber.</strong></span> 
     </span>
     <span class='ocr_line' id='line_1_5' title="bbox 145 692 814 774; baseline -0.003 -18"><span class='ocrx_word' id='word_1_23' title='bbox 145 693 191 756; x_wconf 93' lang='lat' dir='ltr'>At</span> <span class='ocrx_word' id='word_1_24' title='bbox 202 694 228 756; x_wconf 91' lang='lat' dir='ltr'>si</span> <span class='ocrx_word' id='word_1_25' title='bbox 242 692 409 774; x_wconf 88' lang='lat' dir='ltr'>virgineum</span> <span class='ocrx_word' id='word_1_26' title='bbox 425 692 581 754; x_wconf 79' lang='lat' dir='ltr'>suffuderit</span> <span class='ocrx_word' id='word_1_27' title='bbox 598 713 648 754; x_wconf 87' lang='lat' dir='ltr'>ore</span> <span class='ocrx_word' id='word_1_28' title='bbox 664 692 814 771; x_wconf 84' lang='lat' dir='ltr'>ruborem,</span> 
     </span>
     <span class='ocr_line' id='line_1_6' title="bbox 146 775 965 862; baseline -0.006 -20"><span class='ocrx_word' id='word_1_29' title='bbox 146 779 267 843; x_wconf 90' lang='lat' dir='ltr'>Ventus</span> <span class='ocrx_word' id='word_1_30' title='bbox 283 779 359 854; x_wconf 89' lang='lat' dir='ltr'>erit;</span> <span class='ocrx_word' id='word_1_31' title='bbox 382 784 472 841; x_wconf 85' lang='lat' dir='ltr'>vento</span> <span class='ocrx_word' id='word_1_32' title='bbox 487 798 606 862; x_wconf 87' lang='lat' dir='ltr'>semper</span> <span class='ocrx_word' id='word_1_33' title='bbox 620 778 709 840; x_wconf 88' lang='lat' dir='ltr'>rubet</span> <span class='ocrx_word' id='word_1_34' title='bbox 724 800 818 841; x_wconf 88' lang='lat' dir='ltr'>aurea</span> <span class='ocrx_word' id='word_1_35' title='bbox 832 775 965 840; x_wconf 88' lang='lat' dir='ltr'>Phoebe.</span> 
     </span>
     <span class='ocr_line' id='line_1_7' title="bbox 149 863 1007 947; baseline -0.005 -20"><span class='ocrx_word' id='word_1_36' title='bbox 149 863 203 928; x_wconf 82' lang='lat' dir='ltr'>Sin</span> <span class='ocrx_word' id='word_1_37' title='bbox 218 872 285 927; x_wconf 89' lang='lat' dir='ltr'>ortu</span> <span class='ocrx_word' id='word_1_38' title='bbox 300 869 459 947; x_wconf 89' lang='lat' dir='ltr'>quarto-</span> <span class='ocrx_word' id='word_1_39' title='bbox 468 884 596 947; x_wconf 88' lang='lat' dir='ltr'>namque</span> <span class='ocrx_word' id='word_1_40' title='bbox 612 863 637 925; x_wconf 90' lang='lat' dir='ltr'>is</span> <span class='ocrx_word' id='word_1_41' title='bbox 653 865 835 927; x_wconf 86' lang='lat' dir='ltr'>certissimus</span> <span class='ocrx_word' id='word_1_42' title='bbox 851 867 956 926; x_wconf 88' lang='lat' dir='ltr'>auctor</span> <span class='ocrx_word' id='word_1_43' title='bbox 965 897 1007 910; x_wconf 89' lang='lat'>—</span> 
     </span>
     <span class='ocr_line' id='line_1_8' title="bbox 71 949 917 1031; baseline -0.004 -18"><span class='ocrx_word' id='word_1_44' title='bbox 71 997 73 1002; x_wconf 83' lang='lat'><em>-</em></span> <span class='ocrx_word' id='word_1_45' title='bbox 147 951 241 1030; x_wconf 90' lang='lat' dir='ltr'>Pura,</span> <span class='ocrx_word' id='word_1_46' title='bbox 256 971 354 1031; x_wconf 90' lang='lat' dir='ltr'>neque</span> <span class='ocrx_word' id='word_1_47' title='bbox 370 950 482 1012; x_wconf 88' lang='lat' dir='ltr'>obtusis</span> <span class='ocrx_word' id='word_1_48' title='bbox 497 969 552 1031; x_wconf 90' lang='lat' dir='ltr'>per</span> <span class='ocrx_word' id='word_1_49' title='bbox 568 949 683 1012; x_wconf 90' lang='lat' dir='ltr'>coelum</span> <span class='ocrx_word' id='word_1_50' title='bbox 699 951 836 1013; x_wconf 91' lang='lat' dir='ltr'>cornibus</span> <span class='ocrx_word' id='word_1_51' title='bbox 852 949 917 1028; x_wconf 90' lang='lat' dir='ltr'>ibit,</span> 
     </span>
     <span class='ocr_line' id='line_1_9' title="bbox 147 1035 852 1117; baseline -0.001 -18"><span class='ocrx_word' id='word_1_52' title='bbox 147 1037 240 1099; x_wconf 79' lang='lat' dir='ltr'>Totus</span> <span class='ocrx_word' id='word_1_53' title='bbox 256 1043 287 1098; x_wconf 90' lang='lat' dir='ltr'>et</span> <span class='ocrx_word' id='word_1_54' title='bbox 302 1036 351 1097; x_wconf 90' lang='lat' dir='ltr'>ille</span> <span class='ocrx_word' id='word_1_55' title='bbox 368 1035 442 1114; x_wconf 87' lang='lat' dir='ltr'>dies,</span> <span class='ocrx_word' id='word_1_56' title='bbox 459 1036 556 1117; x_wconf 89' lang='lat' dir='ltr'>etqui</span> <span class='ocrx_word' id='word_1_57' title='bbox 571 1042 734 1098; x_wconf 87' lang='lat' dir='ltr'>nascentur</span> <span class='ocrx_word' id='word_1_58' title='bbox 750 1037 787 1098; x_wconf 90' lang='lat' dir='ltr'>ab</span> <span class='ocrx_word' id='word_1_59' title='bbox 801 1037 852 1098; x_wconf 94' lang='lat' dir='ltr'>illo</span> 
     </span>
     <span class='ocr_line' id='line_1_10' title="bbox 147 1119 1193 1205; baseline 0 -20"><span class='ocrx_word' id='word_1_60' title='bbox 147 1123 297 1186; x_wconf 83' lang='lat' dir='ltr'>Exactum</span> <span class='ocrx_word' id='word_1_61' title='bbox 312 1121 351 1182; x_wconf 91' lang='lat' dir='ltr'>ad</span> <span class='ocrx_word' id='word_1_62' title='bbox 365 1142 508 1200; x_wconf 90' lang='lat' dir='ltr'>mensem,</span> <span class='ocrx_word' id='word_1_63' title='bbox 525 1121 625 1204; x_wconf 88' lang='lat' dir='ltr'>pluvia</span> <span class='ocrx_word' id='word_1_64' title='bbox 640 1122 799 1205; x_wconf 85' lang='lat' dir='ltr'>ventisque</span> <span class='ocrx_word' id='word_1_65' title='bbox 817 1119 974 1198; x_wconf 86' lang='lat' dir='ltr'>carebunt,</span> <span class='ocrx_word' id='word_1_66' title='bbox 1144 1136 1193 1185; x_wconf 82' lang='lat'>435</span> 
     </span>
     <span class='ocr_line' id='line_1_11' title="bbox 146 1206 817 1290; baseline -0.003 -18"><span class='ocrx_word' id='word_1_67' title='bbox 146 1208 289 1290; x_wconf 88' lang='lat' dir='ltr'>Votaque</span> <span class='ocrx_word' id='word_1_68' title='bbox 304 1206 415 1268; x_wconf 85' lang='lat' dir='ltr'>serrati</span> <span class='ocrx_word' id='word_1_69' title='bbox 430 1208 546 1269; x_wconf 87' lang='lat' dir='ltr'>solvent</span> <span class='ocrx_word' id='word_1_70' title='bbox 560 1207 591 1268; x_wconf 91' lang='lat' dir='ltr'>in</span> <span class='ocrx_word' id='word_1_71' title='bbox 604 1206 691 1269; x_wconf 89' lang='lat' dir='ltr'>litore</span> <span class='ocrx_word' id='word_1_72' title='bbox 706 1215 817 1271; x_wconf 88' lang='lat' dir='ltr'>nautae</span> 
     </span>
     <span class='ocr_line' id='line_1_12' title="bbox 149 1292 826 1374; baseline 0 -18"><span class='ocrx_word' id='word_1_73' title='bbox 149 1292 264 1356; x_wconf 85' lang='lat' dir='ltr'>Glauco</span> <span class='ocrx_word' id='word_1_74' title='bbox 280 1298 311 1355; x_wconf 89' lang='lat' dir='ltr'>et</span> <span class='ocrx_word' id='word_1_75' title='bbox 326 1292 485 1374; x_wconf 80' lang='lat' dir='ltr'>Panopeae</span> <span class='ocrx_word' id='word_1_76' title='bbox 503 1299 533 1355; x_wconf 91' lang='lat' dir='ltr'>et</span> <span class='ocrx_word' id='word_1_77' title='bbox 548 1293 623 1354; x_wconf 91' lang='lat' dir='ltr'>Inoo</span> <span class='ocrx_word' id='word_1_78' title='bbox 637 1292 826 1356; x_wconf 85' lang='lat' dir='ltr'>Melicertae.</span> 
     </span>
     <span class='ocr_line' id='line_1_13' title="bbox 150 1375 1049 1461; baseline -0.004 -19"><span class='ocrx_word' id='word_1_79' title='bbox 150 1377 202 1442; x_wconf 81' lang='lat' dir='ltr'>Sol</span> <span class='ocrx_word' id='word_1_80' title='bbox 217 1399 335 1461; x_wconf 88' lang='lat' dir='ltr'>quoque</span> <span class='ocrx_word' id='word_1_81' title='bbox 352 1384 383 1439; x_wconf 88' lang='lat' dir='ltr'>et</span> <span class='ocrx_word' id='word_1_82' title='bbox 398 1378 544 1456; x_wconf 84' lang='lat' dir='ltr'>exoriens,</span> <span class='ocrx_word' id='word_1_83' title='bbox 560 1385 592 1440; x_wconf 88' lang='lat' dir='ltr'>et</span> <span class='ocrx_word' id='word_1_84' title='bbox 615 1400 707 1461; x_wconf 92' lang='lat' dir='ltr'>quum</span> <span class='ocrx_word' id='word_1_85' title='bbox 722 1400 754 1441; x_wconf 87' lang='lat' dir='ltr'>se</span> <span class='ocrx_word' id='word_1_86' title='bbox 770 1378 880 1442; x_wconf 89' lang='lat' dir='ltr'>condet</span> <span class='ocrx_word' id='word_1_87' title='bbox 894 1378 926 1440; x_wconf 92' lang='lat' dir='ltr'>in</span> <span class='ocrx_word' id='word_1_88' title='bbox 940 1375 1049 1455; x_wconf 87' lang='lat' dir='ltr'>undas,</span> 
     </span>
     <span class='ocr_line' id='line_1_14' title="bbox 151 1462 952 1548; baseline -0.001 -21"><span class='ocrx_word' id='word_1_89' title='bbox 151 1462 245 1545; x_wconf 83' lang='lat' dir='ltr'>Signa</span> <span class='ocrx_word' id='word_1_90' title='bbox 260 1463 361 1539; x_wconf 83' lang='lat' dir='ltr'>dabit3</span> <span class='ocrx_word' id='word_1_91' title='bbox 384 1464 476 1525; x_wconf 86' lang='lat' dir='ltr'>solem</span> <span class='ocrx_word' id='word_1_92' title='bbox 492 1465 658 1528; x_wconf 87' lang='lat' dir='ltr'>certissima</span> <span class='ocrx_word' id='word_1_93' title='bbox 672 1465 759 1548; x_wconf 91' lang='lat' dir='ltr'>signa</span> <span class='ocrx_word' id='word_1_94' title='bbox 774 1471 952 1548; x_wconf 88' lang='lat' dir='ltr'>sequuntur,</span> 
     </span>
     <span class='ocr_line' id='line_1_15' title="bbox 149 1549 973 1633; baseline -0.002 -21"><span class='ocrx_word' id='word_1_95' title='bbox 149 1549 190 1612; x_wconf 86' lang='lat' dir='ltr'>Et</span> <span class='ocrx_word' id='word_1_96' title='bbox 205 1570 282 1631; x_wconf 87' lang='lat' dir='ltr'>quae</span> <span class='ocrx_word' id='word_1_97' title='bbox 297 1570 384 1610; x_wconf 90' lang='lat' dir='ltr'>mane</span> <span class='ocrx_word' id='word_1_98' title='bbox 400 1549 505 1628; x_wconf 88' lang='lat' dir='ltr'>refert,</span> <span class='ocrx_word' id='word_1_99' title='bbox 521 1556 552 1611; x_wconf 90' lang='lat' dir='ltr'>et</span> <span class='ocrx_word' id='word_1_100' title='bbox 568 1572 645 1633; x_wconf 88' lang='lat' dir='ltr'>quae</span> <span class='ocrx_word' id='word_1_101' title='bbox 661 1552 852 1632; x_wconf 80' lang='lat' dir='ltr'>surgentibus</span> <span class='ocrx_word' id='word_1_102' title='bbox 875 1551 973 1612; x_wconf 87' lang='lat' dir='ltr'>astris.</span> 
     </span>
     <span class='ocr_line' id='line_1_16' title="bbox 62 1635 899 1714; baseline 0 -17"><span class='ocrx_word' id='word_1_103' title='bbox 62 1663 65 1670; x_wconf 37' lang='grc' dir='ltr'>ι</span> <span class='ocrx_word' id='word_1_104' title='bbox 148 1636 205 1697; x_wconf 88' lang='lat' dir='ltr'>Ille</span> <span class='ocrx_word' id='word_1_105' title='bbox 220 1635 271 1696; x_wconf 94' lang='lat' dir='ltr'>ubi</span> <span class='ocrx_word' id='word_1_106' title='bbox 286 1641 460 1705; x_wconf 86' lang='lat' dir='ltr'>nascentem</span> <span class='ocrx_word' id='word_1_107' title='bbox 474 1638 598 1698; x_wconf 89' lang='lat' dir='ltr'>maculis</span> <span class='ocrx_word' id='word_1_108' title='bbox 613 1637 775 1699; x_wconf 79' lang='lat' dir='ltr'>variaverit</span> <span class='ocrx_word' id='word_1_109' title='bbox 790 1644 899 1714; x_wconf 79' lang='lat' dir='ltr'>ortinn,</span> 
     </span>
     <span class='ocr_line' id='line_1_17' title="bbox 151 1718 909 1805; baseline 0.001 -22"><span class='ocrx_word' id='word_1_110' title='bbox 151 1720 295 1783; x_wconf 73' lang='lat' dir='ltr'>Conditus</span> <span class='ocrx_word' id='word_1_111' title='bbox 310 1718 341 1781; x_wconf 90' lang='lat' dir='ltr'>in</span> <span class='ocrx_word' id='word_1_112' title='bbox 355 1722 476 1800; x_wconf 86' lang='lat' dir='ltr'>nubem,</span> <span class='ocrx_word' id='word_1_113' title='bbox 486 1723 600 1783; x_wconf 70' lang='lat' dir='ltr'>media</span> <span class='ocrx_word' id='word_1_114' title='bbox 599 1745 648 1805; x_wconf 74' lang='lat' dir='ltr'>que</span> <span class='ocrx_word' id='word_1_115' title='bbox 665 1723 811 1804; x_wconf 83' lang='lat' dir='ltr'>refugerit</span> <span class='ocrx_word' id='word_1_116' title='bbox 800 1723 909 1801; x_wconf 87' lang='lat' dir='ltr'>torbe,</span> 
     </span>
     <span class='ocr_line' id='line_1_18' title="bbox 64 1805 965 1891; baseline 0 -23"><span class='ocrx_word' id='word_1_117' title='bbox 64 1833 96 1881; x_wconf 54' lang='grc'>·,</span> <span class='ocrx_word' id='word_1_118' title='bbox 152 1805 291 1889; x_wconf 84' lang='lat' dir='ltr'>Suspecti</span> <span class='ocrx_word' id='word_1_119' title='bbox 305 1806 397 1867; x_wconf 89' lang='lat' dir='ltr'>tibi</span> <span class='ocrx_word' id='word_1_120' title='bbox 375 1813 434 1868; x_wconf 82' lang='lat' dir='ltr'>sint</span> <span class='ocrx_word' id='word_1_121' title='bbox 422 1807 578 1883; x_wconf 82' lang='lat' dir='ltr'>imtbros3</span> <span class='ocrx_word' id='word_1_122' title='bbox 601 1830 730 1891; x_wconf 85' lang='lat' dir='ltr'>namque</span> <span class='ocrx_word' id='word_1_123' title='bbox 746 1814 836 1890; x_wconf 90' lang='lat' dir='ltr'>urget</span> <span class='ocrx_word' id='word_1_124' title='bbox 823 1808 888 1870; x_wconf 92' lang='lat' dir='ltr'>tab</span> <span class='ocrx_word' id='word_1_125' title='bbox 904 1808 965 1870; x_wconf 92' lang='lat' dir='ltr'>alto</span> 
     </span>
     <span class='ocr_line' id='line_1_19' title="bbox 150 1891 959 1978; baseline 0 -24"><span class='ocrx_word' id='word_1_126' title='bbox 150 1891 197 1954; x_wconf 82' lang='lat' dir='ltr'>Ar</span> <span class='ocrx_word' id='word_1_127' title='bbox 198 1892 376 1972; x_wconf 89' lang='lat' dir='ltr'>bonbusque</span> <span class='ocrx_word' id='word_1_128' title='bbox 392 1893 523 1975; x_wconf 90' lang='lat' dir='ltr'>satisque</span> <span class='ocrx_word' id='word_1_129' title='bbox 538 1893 603 1956; x_wconf 88' lang='lat' dir='ltr'>Not</span> <span class='ocrx_word' id='word_1_130' title='bbox 590 1902 638 1956; x_wconf 87' lang='lat' dir='ltr'>tus</span> <span class='ocrx_word' id='word_1_131' title='bbox 653 1894 813 1978; x_wconf 85' lang='lat' dir='ltr'>pecorique</span> <span class='ocrx_word' id='word_1_132' title='bbox 830 1894 959 1965; x_wconf 83' lang='lat' dir='ltr'>sinister.</span> 
     </span>
     <span class='ocr_line' id='line_1_20' title="bbox 148 1977 861 2042; baseline 0.001 -2"><span class='ocrx_word' id='word_1_133' title='bbox 148 1978 215 2040; x_wconf 90' lang='lat' dir='ltr'>Aut</span> <span class='ocrx_word' id='word_1_134' title='bbox 229 1977 280 2038; x_wconf 91' lang='lat' dir='ltr'>ubi</span> <span class='ocrx_word' id='word_1_135' title='bbox 295 1978 350 2039; x_wconf 89' lang='lat' dir='ltr'>sub</span> <span class='ocrx_word' id='word_1_136' title='bbox 364 1978 463 2040; x_wconf 91' lang='lat' dir='ltr'>lucem</span> <span class='ocrx_word' id='word_1_137' title='bbox 478 1978 631 2041; x_wconf 86' lang='lat' dir='ltr'>densat</span> <span class='ocrx_word' id='word_1_138' title='bbox 586 2002 617 2040; x_wconf 91' lang='grc' dir='ltr'>ιιι</span> <span class='ocrx_word' id='word_1_139' title='bbox 618 1987 665 2042; x_wconf 89' lang='lat' dir='ltr'>ter</span> <span class='ocrx_word' id='word_1_140' title='bbox 679 1980 781 2042; x_wconf 92' lang='lat' dir='ltr'>nubila</span> <span class='ocrx_word' id='word_1_141' title='bbox 795 2001 861 2042; x_wconf 87' lang='lat' dir='ltr'>sese</span> 
     </span>
     <span class='ocr_line' id='line_1_21' title="bbox 149 2063 905 2148; baseline 0.003 -23"><span class='ocrx_word' id='word_1_142' title='bbox 149 2063 269 2126; x_wconf 83' lang='lat' dir='ltr'>Diversi</span> <span class='ocrx_word' id='word_1_143' title='bbox 285 2071 425 2145; x_wconf 88' lang='lat' dir='ltr'>rumpent</span> <span class='ocrx_word' id='word_1_144' title='bbox 440 2064 527 2143; x_wconf 84' lang='lat' dir='ltr'>radii,</span> <span class='ocrx_word' id='word_1_145' title='bbox 543 2073 596 2127; x_wconf 89' lang='lat' dir='ltr'>aut</span> <span class='ocrx_word' id='word_1_146' title='bbox 584 2067 661 2127; x_wconf 90' lang='lat' dir='ltr'>tubi</span> <span class='ocrx_word' id='word_1_147' title='bbox 674 2065 786 2148; x_wconf 88' lang='lat' dir='ltr'>pallida</span> <span class='ocrx_word' id='word_1_148' title='bbox 800 2070 905 2147; x_wconf 89' lang='lat' dir='ltr'>surget</span> 
     </span>
     <span class='ocr_line' id='line_1_22' title="bbox 149 2149 850 2232; baseline 0.001 -21"><span class='ocrx_word' id='word_1_149' title='bbox 149 2149 269 2211; x_wconf 78' lang='lat' dir='ltr'>Tithoni</span> <span class='ocrx_word' id='word_1_150' title='bbox 285 2169 423 2211; x_wconf 92' lang='lat' dir='ltr'>croceum</span> <span class='ocrx_word' id='word_1_151' title='bbox 438 2150 575 2232; x_wconf 89' lang='lat' dir='ltr'>linquens</span> <span class='ocrx_word' id='word_1_152' title='bbox 590 2151 712 2213; x_wconf 86' lang='lat' dir='ltr'>Aurora</span> <span class='ocrx_word' id='word_1_153' title='bbox 733 2152 850 2227; x_wconf 90' lang='lat' dir='ltr'>cubile;</span> 
     </span>
     <span class='ocr_line' id='line_1_23' title="bbox 149 2235 1003 2318; baseline 0.001 -22"><span class='ocrx_word' id='word_1_154' title='bbox 149 2235 233 2314; x_wconf 89' lang='lat' dir='ltr'>Heu,</span> <span class='ocrx_word' id='word_1_155' title='bbox 248 2236 355 2297; x_wconf 89' lang='lat' dir='ltr'>malet</span> <span class='ocrx_word' id='word_1_156' title='bbox 342 2241 406 2296; x_wconf 92' lang='lat' dir='ltr'>tum</span> <span class='ocrx_word' id='word_1_157' title='bbox 420 2236 474 2297; x_wconf 89' lang='lat' dir='ltr'>mit</span> <span class='ocrx_word' id='word_1_158' title='bbox 475 2258 507 2297; x_wconf 89' lang='lat' dir='ltr'>es</span> <span class='ocrx_word' id='word_1_159' title='bbox 463 2237 666 2298; x_wconf 89' lang='lat' dir='ltr'>tdefondet</span> <span class='ocrx_word' id='word_1_160' title='bbox 654 2237 837 2318; x_wconf 88' lang='lat' dir='ltr'>tpampinus</span> <span class='ocrx_word' id='word_1_161' title='bbox 851 2255 947 2298; x_wconf 85' lang='lat' dir='ltr'>uvas:</span> <span class='ocrx_word' id='word_1_162' title='bbox 1000 2279 1003 2285; x_wconf 82' lang='lat'>·</span> 
     </span>
     <span class='ocr_line' id='line_1_24' title="bbox 150 2319 1006 2412; baseline -0.002 -29"><span class='ocrx_word' id='word_1_163' title='bbox 150 2321 224 2383; x_wconf 83' lang='lat' dir='ltr'>Tam</span> <span class='ocrx_word' id='word_1_164' title='bbox 238 2322 314 2383; x_wconf 89' lang='lat' dir='ltr'>mult</span> <span class='ocrx_word' id='word_1_165' title='bbox 301 2327 333 2384; x_wconf 91' lang='lat' dir='ltr'>ta</span> <span class='ocrx_word' id='word_1_166' title='bbox 347 2321 379 2382; x_wconf 94' lang='lat' dir='ltr'>in</span> <span class='ocrx_word' id='word_1_167' title='bbox 394 2328 441 2383; x_wconf 87' lang='lat' dir='ltr'>teo</span> <span class='ocrx_word' id='word_1_168' title='bbox 445 2322 482 2383; x_wconf 90' lang='lat' dir='ltr'>tis</span> <span class='ocrx_word' id='word_1_169' title='bbox 498 2324 647 2404; x_wconf 77' lang='lat' dir='ltr'>crepitans</span> <span class='ocrx_word' id='word_1_170' title='bbox 663 2323 731 2384; x_wconf 87' lang='lat' dir='ltr'>salit</span> <span class='ocrx_word' id='word_1_171' title='bbox 745 2322 867 2384; x_wconf 86' lang='lat' dir='ltr'>horrida</span> <span class='ocrx_word' id='word_1_172' title='bbox 882 2319 1006 2412; x_wconf 83' lang='lat' dir='ltr'>grando.</span> 
     </span>
     <span class='ocr_line' id='line_1_25' title="bbox 41 2404 946 2491; baseline -0.001 -22"><span class='ocrx_word' id='word_1_173' title='bbox 41 2446 43 2450; x_wconf 93' lang='lat'><em>-</em></span> <span class='ocrx_word' id='word_1_174' title='bbox 150 2406 266 2469; x_wconf 89' lang='lat' dir='ltr'>Hoot</span> <span class='ocrx_word' id='word_1_175' title='bbox 235 2414 266 2468; x_wconf 89' lang='lat' dir='ltr'>et</span> <span class='ocrx_word' id='word_1_176' title='bbox 266 2407 336 2486; x_wconf 90' lang='lat' dir='ltr'>iam,</span> <span class='ocrx_word' id='word_1_177' title='bbox 352 2428 471 2469; x_wconf 89' lang='lat' dir='ltr'>emenso</span> <span class='ocrx_word' id='word_1_178' title='bbox 488 2429 580 2489; x_wconf 90' lang='lat' dir='ltr'>quum</span> <span class='ocrx_word' id='word_1_179' title='bbox 591 2410 655 2491; x_wconf 86' lang='lat' dir='ltr'>jam</span> <span class='ocrx_word' id='word_1_180' title='bbox 671 2408 790 2470; x_wconf 88' lang='lat' dir='ltr'>decedit</span> <span class='ocrx_word' id='word_1_181' title='bbox 778 2404 946 2491; x_wconf 87' lang='lat' dir='ltr'>tOlympo,</span> 
     </span>
     <span class='ocr_line' id='line_1_26' title="bbox 150 2493 966 2576; baseline -0.002 -22"><span class='ocrx_word' id='word_1_182' title='bbox 150 2493 303 2555; x_wconf 85' lang='lat' dir='ltr'>Profuerit</span> <span class='ocrx_word' id='word_1_183' title='bbox 290 2493 487 2556; x_wconf 88' lang='lat' dir='ltr'>tmeminisse</span> <span class='ocrx_word' id='word_1_184' title='bbox 503 2495 618 2576; x_wconf 89' lang='lat' dir='ltr'>magis;</span> <span class='ocrx_word' id='word_1_185' title='bbox 641 2516 711 2555; x_wconf 88' lang='lat' dir='ltr'>nam</span> <span class='ocrx_word' id='word_1_186' title='bbox 726 2515 815 2576; x_wconf 87' lang='lat' dir='ltr'>saepe</span> <span class='ocrx_word' id='word_1_187' title='bbox 831 2493 966 2557; x_wconf 86' lang='lat' dir='ltr'>videmus</span> 
     </span>
     <span class='ocr_line' id='line_1_27' title="bbox 119 2579 775 2662; baseline 0 -21"><span class='ocrx_word' id='word_1_188' title='bbox 119 2589 125 2598; x_wconf 86' lang='lat'>&#39;</span> <span class='ocrx_word' id='word_1_189' title='bbox 150 2579 272 2662; x_wconf 86' lang='lat' dir='ltr'>Ipsius</span> <span class='ocrx_word' id='word_1_190' title='bbox 264 2601 295 2640; x_wconf 92' lang='lat' dir='ltr'>m</span> <span class='ocrx_word' id='word_1_191' title='bbox 311 2580 396 2641; x_wconf 85' lang='lat' dir='ltr'>vultu</span> <span class='ocrx_word' id='word_1_192' title='bbox 411 2581 508 2641; x_wconf 87' lang='lat' dir='ltr'>varios</span> <span class='ocrx_word' id='word_1_193' title='bbox 524 2601 625 2644; x_wconf 87' lang='lat' dir='ltr'>errare</span> <span class='ocrx_word' id='word_1_194' title='bbox 641 2581 775 2642; x_wconf 86' lang='lat' dir='ltr'>colores:</span> 
     </span>
     <span class='ocr_line' id='line_1_28' title="bbox 57 2665 906 2747; baseline -0.002 -20"><span class='ocrx_word' id='word_1_195' title='bbox 57 2724 69 2745; x_wconf 68' lang='grc'>,</span> <span class='ocrx_word' id='word_1_196' title='bbox 152 2665 315 2727; x_wconf 78' lang='lat' dir='ltr'>Coeruleus</span> <span class='ocrx_word' id='word_1_197' title='bbox 331 2665 462 2747; x_wconf 89' lang='lat' dir='ltr'>pluviam</span> <span class='ocrx_word' id='word_1_198' title='bbox 479 2665 651 2738; x_wconf 87' lang='lat' dir='ltr'>denunciat,</span> <span class='ocrx_word' id='word_1_199' title='bbox 667 2666 773 2747; x_wconf 85' lang='lat' dir='ltr'>igneus</span> <span class='ocrx_word' id='word_1_200' title='bbox 789 2665 906 2739; x_wconf 82' lang='lat' dir='ltr'>Euros3</span> 
     </span>
     <span class='ocr_line' id='line_1_29' title="bbox 81 2749 914 2832; baseline -0.001 -20"><span class='ocrx_word' id='word_1_201' title='bbox 81 2823 84 2831; x_wconf 32' lang='grc' dir='ltr'>Ι</span> <span class='ocrx_word' id='word_1_202' title='bbox 153 2749 207 2812; x_wconf 76' lang='lat' dir='ltr'>Sin</span> <span class='ocrx_word' id='word_1_203' title='bbox 221 2753 356 2812; x_wconf 87' lang='lat' dir='ltr'>maculae</span> <span class='ocrx_word' id='word_1_204' title='bbox 372 2751 516 2832; x_wconf 89' lang='lat' dir='ltr'>incipient</span> <span class='ocrx_word' id='word_1_205' title='bbox 530 2753 618 2815; x_wconf 87' lang='lat' dir='ltr'>rutilo</span> <span class='ocrx_word' id='word_1_206' title='bbox 633 2751 826 2813; x_wconf 77' lang='lat' dir='ltr'>inmiscerier</span> <span class='ocrx_word' id='word_1_207' title='bbox 840 2750 914 2831; x_wconf 89' lang='lat' dir='ltr'>igni,</span> 
     </span>
     <span class='ocr_line' id='line_1_30' title="bbox 152 2835 889 2919; baseline 0 -22"><span class='ocrx_word' id='word_1_208' title='bbox 152 2835 261 2898; x_wconf 90' lang='lat' dir='ltr'>Omnia</span> <span class='ocrx_word' id='word_1_209' title='bbox 276 2842 348 2897; x_wconf 90' lang='lat' dir='ltr'>tuno</span> <span class='ocrx_word' id='word_1_210' title='bbox 364 2837 478 2918; x_wconf 82' lang='lat' dir='ltr'>puriter</span> <span class='ocrx_word' id='word_1_211' title='bbox 495 2844 582 2898; x_wconf 89' lang='lat' dir='ltr'>rento</span> <span class='ocrx_word' id='word_1_212' title='bbox 597 2837 762 2919; x_wconf 85' lang='lat' dir='ltr'>nimbisque</span> <span class='ocrx_word' id='word_1_213' title='bbox 776 2836 889 2897; x_wconf 83' lang='lat' dir='ltr'>videbis</span> 
     </span>
     <span class='ocr_line' id='line_1_31' title="bbox 151 2922 971 3004; baseline -0.002 -20"><span class='ocrx_word' id='word_1_214' title='bbox 151 2922 302 2984; x_wconf 81' lang='lat' dir='ltr'>Fervere:</span> <span class='ocrx_word' id='word_1_215' title='bbox 326 2944 386 2983; x_wconf 90' lang='lat' dir='ltr'>non</span> <span class='ocrx_word' id='word_1_216' title='bbox 401 2922 452 2983; x_wconf 88' lang='lat' dir='ltr'>illa</span> <span class='ocrx_word' id='word_1_217' title='bbox 467 2923 624 3004; x_wconf 89' lang='lat' dir='ltr'>quisquam</span> <span class='ocrx_word' id='word_1_218' title='bbox 638 2944 686 2984; x_wconf 91' lang='lat' dir='ltr'>me</span> <span class='ocrx_word' id='word_1_219' title='bbox 702 2929 790 2984; x_wconf 87' lang='lat' dir='ltr'>nocto</span> <span class='ocrx_word' id='word_1_220' title='bbox 804 2943 861 3004; x_wconf 88' lang='lat' dir='ltr'>per</span> <span class='ocrx_word' id='word_1_221' title='bbox 876 2922 971 2984; x_wconf 91' lang='lat' dir='ltr'>altum</span> 
     </span>
     <span class='ocr_line' id='line_1_32' title="bbox 151 3008 905 3091; baseline -0.001 -22"><span class='ocrx_word' id='word_1_222' title='bbox 151 3008 214 3085; x_wconf 89' lang='lat' dir='ltr'>Ire,</span> <span class='ocrx_word' id='word_1_223' title='bbox 229 3028 328 3089; x_wconf 91' lang='lat' dir='ltr'>neque</span> <span class='ocrx_word' id='word_1_224' title='bbox 345 3029 363 3070; x_wconf 89' lang='lat' dir='ltr'>a</span> <span class='ocrx_word' id='word_1_225' title='bbox 378 3013 460 3069; x_wconf 88' lang='lat' dir='ltr'>terra</span> <span class='ocrx_word' id='word_1_226' title='bbox 473 3015 593 3070; x_wconf 91' lang='lat' dir='ltr'>moneat</span> <span class='ocrx_word' id='word_1_227' title='bbox 609 3009 776 3091; x_wconf 72' lang='lat' dir='ltr'>convellere</span> <span class='ocrx_word' id='word_1_228' title='bbox 792 3008 905 3068; x_wconf 84' lang='lat' dir='ltr'>funem.</span> 
     </span>
     <span class='ocr_line' id='line_1_33' title="bbox 151 3092 982 3176; baseline -0.005 -20"><span class='ocrx_word' id='word_1_229' title='bbox 151 3092 197 3156; x_wconf 92' lang='lat' dir='ltr'>At</span> <span class='ocrx_word' id='word_1_230' title='bbox 212 3093 248 3171; x_wconf 86' lang='lat' dir='ltr'>si,</span> <span class='ocrx_word' id='word_1_231' title='bbox 264 3114 356 3176; x_wconf 93' lang='lat' dir='ltr'>quum</span> <span class='ocrx_word' id='word_1_232' title='bbox 371 3093 542 3175; x_wconf 87' lang='lat' dir='ltr'>referetque</span> <span class='ocrx_word' id='word_1_233' title='bbox 559 3094 638 3156; x_wconf 91' lang='lat' dir='ltr'>diem</span> <span class='ocrx_word' id='word_1_234' title='bbox 654 3094 822 3176; x_wconf 91' lang='lat' dir='ltr'>condetque</span> <span class='ocrx_word' id='word_1_235' title='bbox 840 3095 982 3171; x_wconf 89' lang='lat' dir='ltr'>relatum,</span> 
     </span>
     <span class='ocr_line' id='line_1_34' title="bbox 152 3177 910 3277; baseline 0 -37"><span class='ocrx_word' id='word_1_236' title='bbox 152 3177 285 3241; x_wconf 89' lang='lat' dir='ltr'>Lucidus</span> <span class='ocrx_word' id='word_1_237' title='bbox 300 3180 452 3241; x_wconf 88' lang='lat' dir='ltr'>orbist</span> <span class='ocrx_word' id='word_1_238' title='bbox 394 3180 471 3254; x_wconf 83' lang='lat' dir='ltr'>erit3</span> <span class='ocrx_word' id='word_1_239' title='bbox 493 3180 572 3241; x_wconf 88' lang='lat' dir='ltr'>frust</span> <span class='ocrx_word' id='word_1_240' title='bbox 561 3186 635 3242; x_wconf 93' lang='lat' dir='ltr'>trat</span> <span class='ocrx_word' id='word_1_241' title='bbox 622 3180 775 3242; x_wconf 88' lang='lat' dir='ltr'>terrebere</span> <span class='ocrx_word' id='word_1_242' title='bbox 792 3179 910 3277; x_wconf 83' lang='lat' dir='ltr'>nimbis,</span> 
     </span>
     <span class='ocr_line' id='line_1_35' title="bbox 153 3264 819 3348; baseline 0 -22"><span class='ocrx_word' id='word_1_243' title='bbox 153 3264 195 3326; x_wconf 85' lang='lat' dir='ltr'>Et</span> <span class='ocrx_word' id='word_1_244' title='bbox 210 3265 290 3326; x_wconf 89' lang='lat' dir='ltr'>claro</span> <span class='ocrx_word' id='word_1_245' title='bbox 305 3266 394 3326; x_wconf 91' lang='lat' dir='ltr'>silvas</span> <span class='ocrx_word' id='word_1_246' title='bbox 410 3285 515 3326; x_wconf 86' lang='lat' dir='ltr'>cernes</span> <span class='ocrx_word' id='word_1_247' title='bbox 530 3264 681 3348; x_wconf 82' lang='lat' dir='ltr'>Aquilone</span> <span class='ocrx_word' id='word_1_248' title='bbox 697 3265 819 3327; x_wconf 88' lang='lat' dir='ltr'>moveri</span> 
     </span>
     <span class='ocr_line' id='line_1_36' title="bbox 153 3349 966 3433; baseline 0 -22"><span class='ocrx_word' id='word_1_249' title='bbox 153 3349 304 3433; x_wconf 90' lang='lat' dir='ltr'>Denique,</span> <span class='ocrx_word' id='word_1_250' title='bbox 321 3350 393 3432; x_wconf 92' lang='lat' dir='ltr'>quid</span> <span class='ocrx_word' id='word_1_251' title='bbox 408 3371 480 3432; x_wconf 68' lang='lat' dir='ltr'>cosp</span> <span class='ocrx_word' id='word_1_252' title='bbox 483 3372 516 3412; x_wconf 89' lang='lat' dir='ltr'>er</span> <span class='ocrx_word' id='word_1_253' title='bbox 531 3372 649 3413; x_wconf 86' lang='lat' dir='ltr'>serus</span> <span class='ocrx_word' id='word_1_254' title='bbox 630 3352 721 3412; x_wconf 70' lang='lat' dir='ltr'>rehat</span> <span class='ocrx_word' id='word_1_255' title='bbox 724 3350 827 3429; x_wconf 90' lang='lat' dir='ltr'>,unde</span> <span class='ocrx_word' id='word_1_256' title='bbox 844 3369 966 3412; x_wconf 86' lang='lat' dir='ltr'>serenas</span> 
     </span>
     <span class='ocr_line' id='line_1_37' title="bbox 45 3399 993 3519; baseline -0.002 -21"><span class='ocrx_word' id='word_1_257' title='bbox 45 3504 49 3512; x_wconf 59' lang='grc'>,</span> <span class='ocrx_word' id='word_1_258' title='bbox 153 3434 236 3498; x_wconf 78' lang='lat' dir='ltr'>Veni</span> <span class='ocrx_word' id='word_1_259' title='bbox 225 3442 273 3498; x_wconf 85' lang='lat' dir='ltr'>tus</span> <span class='ocrx_word' id='word_1_260' title='bbox 289 3457 347 3517; x_wconf 88' lang='lat' dir='ltr'>aga</span> <span class='ocrx_word' id='word_1_261' title='bbox 347 3437 557 3513; x_wconf 60' lang='lat' dir='ltr'>tuchoni(</span> <span class='ocrx_word' id='word_1_262' title='bbox 496 3437 647 3519; x_wconf 89' lang='lat' dir='ltr'>quid</span> <span class='ocrx_word' id='word_1_263' title='bbox 584 3445 664 3519; x_wconf 82' lang='lat' dir='ltr'>cogit</span> <span class='ocrx_word' id='word_1_264' title='bbox 653 3399 850 3499; x_wconf 84' lang='lat' dir='ltr'>littumidus</span> <span class='ocrx_word' id='word_1_265' title='bbox 865 3435 993 3513; x_wconf 88' lang='lat' dir='ltr'>Auster,</span> 
     </span>
     <span class='ocr_line' id='line_1_38' title="bbox 79 3519 953 3605; baseline -0.003 -19"><span class='ocrx_word' id='word_1_266' title='bbox 79 3581 81 3586; x_wconf 80' lang='grc'>,</span> <span class='ocrx_word' id='word_1_267' title='bbox 156 3519 207 3584; x_wconf 82' lang='lat' dir='ltr'>Sol</span> <span class='ocrx_word' id='word_1_268' title='bbox 222 3522 310 3584; x_wconf 95' lang='lat' dir='ltr'>tibi</span> <span class='ocrx_word' id='word_1_269' title='bbox 289 3543 375 3605; x_wconf 83' lang='lat' dir='ltr'>signa</span> <span class='ocrx_word' id='word_1_270' title='bbox 390 3521 482 3584; x_wconf 89' lang='lat' dir='ltr'>dabit.</span> <span class='ocrx_word' id='word_1_271' title='bbox 528 3522 581 3591; x_wconf 68' lang='lat' dir='ltr'>,Sol</span> <span class='ocrx_word' id='word_1_272' title='bbox 583 3545 630 3584; x_wconf 89' lang='lat' dir='ltr'>orn</span> <span class='ocrx_word' id='word_1_273' title='bbox 646 3524 711 3605; x_wconf 86' lang='lat' dir='ltr'>quis</span> <span class='ocrx_word' id='word_1_274' title='bbox 727 3523 827 3584; x_wconf 89' lang='lat' dir='ltr'>dicero</span> <span class='ocrx_word' id='word_1_275' title='bbox 844 3522 953 3583; x_wconf 84' lang='lat' dir='ltr'>falsum</span> 
     </span>
     <span class='ocr_line' id='line_1_39' title="bbox 153 3548 918 3670; baseline -0.003 0"><span class='ocrx_word' id='word_1_276' title='bbox 153 3606 301 3670; x_wconf 75' lang='lat' dir='ltr'>Audeat?</span> <span class='ocrx_word' id='word_1_277' title='bbox 346 3608 449 3670; x_wconf 89' lang='lat' dir='ltr'>Illet</span> <span class='ocrx_word' id='word_1_278' title='bbox 419 3609 509 3670; x_wconf 86' lang='lat' dir='ltr'>etiam</span> <span class='ocrx_word' id='word_1_279' title='bbox 525 3631 630 3670; x_wconf 82' lang='lat' dir='ltr'>caecos</span> <span class='ocrx_word' id='word_1_280' title='bbox 645 3548 756 3670; x_wconf 80' lang='lat' dir='ltr'>iiistare</span> <span class='ocrx_word' id='word_1_281' title='bbox 773 3609 918 3669; x_wconf 85' lang='lat' dir='ltr'>turnultus</span> 
     </span>
     <span class='ocr_line' id='line_1_40' title="bbox 156 3691 1050 3778; baseline -0.003 -22"><span class='ocrx_word' id='word_1_282' title='bbox 156 3691 254 3778; x_wconf 84' lang='lat' dir='ltr'>Saepe</span> <span class='ocrx_word' id='word_1_283' title='bbox 269 3701 381 3772; x_wconf 89' lang='lat' dir='ltr'>monet,</span> <span class='ocrx_word' id='word_1_284' title='bbox 396 3693 593 3776; x_wconf 87' lang='lat' dir='ltr'>fraudemque</span> <span class='ocrx_word' id='word_1_285' title='bbox 610 3702 640 3756; x_wconf 89' lang='lat' dir='ltr'>et</span> <span class='ocrx_word' id='word_1_286' title='bbox 656 3701 761 3776; x_wconf 85' lang='lat' dir='ltr'>operta</span> <span class='ocrx_word' id='word_1_287' title='bbox 776 3701 945 3755; x_wconf 88' lang='lat' dir='ltr'>tumescere</span> <span class='ocrx_word' id='word_1_288' title='bbox 959 3691 1050 3754; x_wconf 86' lang='lat' dir='ltr'>bella.</span> 
     </span>
     <span class='ocr_line' id='line_1_41' title="bbox 154 3778 961 3856; baseline -0.001 -16"><span class='ocrx_word' id='word_1_289' title='bbox 154 3778 211 3841; x_wconf 94' lang='lat' dir='ltr'>Ille</span> <span class='ocrx_word' id='word_1_290' title='bbox 228 3780 318 3842; x_wconf 88' lang='lat' dir='ltr'>etiam</span> <span class='ocrx_word' id='word_1_291' title='bbox 333 3780 480 3844; x_wconf 86' lang='lat' dir='ltr'>exstincto</span> <span class='ocrx_word' id='word_1_292' title='bbox 494 3781 652 3842; x_wconf 87' lang='lat' dir='ltr'>miseratus</span> <span class='ocrx_word' id='word_1_293' title='bbox 669 3778 799 3842; x_wconf 73' lang='lat' dir='ltr'>Caesare</span> <span class='ocrx_word' id='word_1_294' title='bbox 823 3779 961 3856; x_wconf 89' lang='lat' dir='ltr'>Romam,</span> 
     </span>
    </p>
   </div>
   <div class='ocr_carea' id='block_1_3' title="bbox 0 0 1261 4334">
    <p class='ocr_par' dir='ltr' id='par_1_3' title="bbox 0 0 1261 4334">
     <span class='ocr_line' id='line_1_42' title="bbox 0 0 1261 4334; baseline 0 0"><span class='ocrx_word' id='word_1_295' title='bbox 0 0 1261 4334; x_wconf 95' lang='lat' dir='ltr'> </span> 
     </span>
    </p>
   </div>
  </div>
 </body>
</html>
