2496 4334
429 337 597 384 ancones.
642 335 766 382 ECLOGA
781 336 814 383 V.

139 491 204 554 Me.
222 491 322 554 Lenta
336 493 412 554 salix
427 498 572 575 quantum
588 490 712 573 pallenti
728 490 808 553 cedit
823 490 929 571 olivae,

95 577 241 640 Puniceis
255 578 375 640 humilis
390 585 536 660 quantum
550 578 684 638 saliunca
699 577 824 639 rosetis:

97 664 221 726 Judicio
236 670 337 734 nostro
352 671 470 726 tantum
484 663 539 724 tihi
554 663 634 725 cedit
649 661 810 745 Amyntas.

141 749 208 811 Mo.
227 748 290 811 Sed
305 756 339 811 tu
354 751 456 812 desine
472 750 569 832 plura,
584 769 660 830 puer
673 767 681 823 ;
705 748 902 810 successimus
917 754 1013 811 antro.

98 833 292 897 Exstinctum
307 835 468 918 Nymphae
484 834 600 897 crudeli
614 834 720 895 funere
736 833 888 916 Daphnim

99 919 249 982 Flebant:
274 942 326 982 vos
342 921 436 983 ccnrli
451 926 543 982 testes
559 926 590 981 et
603 920 726 981 flumina
740 918 911 1002 Nymphis:

100 1005 189 1084 Dum,
206 1007 361 1088 complexa
375 1005 422 1068 sui
438 1026 544 1088 corpus
558 1005 726 1066 miserabile
742 1006 816 1083 nati,

99 1090 206 1172 Atque
223 1091 295 1154 deos
312 1097 403 1173 atque
419 1097 501 1153 astra
515 1097 604 1152 vocat
619 1091 753 1152 crudelia
766 1097 873 1152 mator.

100 1176 131 1237 N
132 1198 171 1238 on
186 1177 240 1238 ulli
255 1183 355 1259 pastos
370 1178 427 1238 illis
443 1197 533 1258 egere
549 1176 654 1237 diebus

100 1261 237 1344 Frigida,
253 1262 386 1344 Daphni,
402 1263 492 1325 boves
508 1261 547 1324 ad
561 1262 704 1337 flumina;
726 1261 811 1322 nulla
823 1280 881 1323 nec
897 1279 1015 1321 amnem
1133 1296 1137 1303 ,

100 1345 221 1409 Libavit
236 1347 422 1430 quadrupes,
436 1368 493 1410 nec
510 1347 652 1430 graminis
668 1346 768 1428 attigit
780 1346 915 1408 herbam.

99 1432 233 1515 Daphni,
249 1439 336 1495 tuum
351 1433 467 1496 Poenos
483 1434 573 1495 etiam
588 1432 767 1515 ingemuisse
783 1432 885 1494 leones

100 1518 264 1580 Interitum
278 1525 453 1602 montesque
468 1519 525 1581 feri
540 1519 692 1600 silvaeque
707 1518 880 1599 loquuntur.

101 1603 238 1686 Daphnis
254 1610 286 1665 et
300 1604 461 1667 Armenias
476 1625 568 1666 curru
582 1604 763 1687 subjungere
778 1603 872 1684 tigres

102 1689 248 1769 Instituit,
263 1690 401 1774 Daphnis
416 1691 525 1753 thiasos
540 1689 683 1752 inducere
700 1688 826 1767 Bacchi,

103 1774 143 1836 Et
157 1776 234 1837 foliis
249 1775 347 1838 lentas
362 1777 496 1839 intexere
511 1775 648 1838 mollibus
662 1776 775 1837 hastas.

104 1860 184 1923 Vitis
200 1867 236 1922 ut
251 1861 405 1924 arboribus
422 1862 523 1924 decori
538 1867 594 1940 est,
609 1868 645 1923 ut
659 1861 768 1924 vitibus
782 1880 871 1938 uvae,

104 1945 146 2008 Ut
161 1946 305 2028 gregibus
321 1948 411 2026 tauri,
427 1952 546 2030 segetes
560 1954 595 2008 ut
609 1947 768 2031 pinguibus
783 1946 882 2008 arvis:

105 2031 149 2093 Tu
164 2033 259 2094 decus
274 2053 360 2096 omne
376 2034 445 2096 tuis.
490 2033 655 2116 Postquam
670 2039 700 2095 te
716 2034 781 2095 fata
794 2034 941 2112 tulenmt,

105 2117 175 2200 Ipsa
188 2118 281 2180 Pales
297 2139 385 2201 agros
401 2125 491 2202 atque
506 2119 570 2202 ipse
585 2120 706 2202 reliquit
721 2119 842 2201 Apelle.

108 2202 242 2266 Grandia
256 2224 346 2288 saepe
361 2204 468 2287 quibus
482 2205 689 2267 mandavimus
703 2204 817 2267 hordea
831 2203 932 2282 sulcis,

106 2287 214 2350 Infelix
228 2289 330 2351 lolium
345 2297 377 2352 et
391 2291 508 2353 steriles
522 2297 687 2353 nascuntur
703 2311 827 2353 avenae.

106 2373 164 2435 Pro
179 2375 259 2436 molli
275 2377 364 2454 viola,
379 2399 433 2459 pro
447 2396 598 2459 purpureo
612 2377 755 2454 narcisso,

108 2458 245 2522 Carduus
260 2468 292 2523 et
307 2462 398 2544 spinis
414 2463 511 2544 surgit
525 2463 657 2544 paliurus
673 2463 779 2524 acutis.

108 2543 247 2627 Spargite
262 2548 385 2608 humum
400 2548 487 2625 foliis,
502 2547 634 2609 inducite
650 2548 779 2609 fontibus
794 2544 927 2621 umbras,

106 2630 245 2694 Pastores
260 2653 267 2692 :
290 2634 415 2695 mandat
428 2634 495 2695 fieri
509 2634 565 2695 sibi
580 2634 652 2695 talia
667 2633 802 2715 Daphnis
817 2651 825 2706 ;

107 2716 146 2776 Et
161 2719 310 2779 tumulum
325 2719 427 2796 facite,
443 2725 474 2780 et
489 2721 603 2781 tumulo
618 2718 810 2801 superaddite
826 2734 968 2778 carmen:

107 2801 256 2864 Dsruurs
272 2821 333 2865 nso
350 2822 387 2864 m
404 2821 520 2882 smvrs,
535 2821 615 2866 mus
632 2821 733 2874 usoun
749 2821 791 2865 An
810 2817 927 2865 smsna
942 2813 1055 2875 nouus,

107 2886 252 2948 Fonucsr
267 2906 398 2950 Pacorus
414 2906 539 2967 cassae,
555 2907 735 2952 mannassen
751 2905 832 2951 ress.

146 2971 212 3034 Mc.
229 2974 302 3036 Tale
317 2981 403 3036 tuum
418 2996 539 3037 carmen
553 2976 648 3053 nobis,
665 2976 763 3037 divine
777 2975 879 3058 poeta,

109 3055 201 3130 Quale
218 3080 305 3141 sopor
319 3060 405 3121 fessis
420 3061 451 3121 in
467 3061 612 3142 gramine,
628 3063 716 3142 quale
731 3082 787 3144 per
801 3066 918 3122 aestum

108 3141 211 3206 Dulcis
227 3165 323 3226 aquae
340 3145 464 3208 saliente
480 3146 558 3208 sitim
574 3148 761 3228 restinguere
775 3146 848 3207 rivo.

109 3228 172 3291 Nec
189 3231 312 3293 calamis
327 3232 422 3293 solum
437 3232 625 3314 aequiparas,
641 3234 694 3294 scd
710 3253 782 3294 voce
797 3229 983 3312 magistrum.

109 3313 272 3377 Fortunate
288 3338 375 3400 puer,
390 3323 424 3378 tu
438 3338 518 3378 nmrc
535 3317 593 3379 eris
609 3319 686 3379 alter
701 3317 737 3378 ab
753 3317 813 3378 illo.

110 3398 170 3462 Nos
186 3407 288 3463 tamen
302 3403 378 3465 haec
394 3424 573 3485 quocunque
588 3403 675 3464 modo
690 3402 744 3464 tibi
759 3410 862 3464 nostra
876 3400 1005 3464 vicissim
1121 3415 1133 3442 f

111 3483 261 3566 Dicemus,
277 3488 488 3571 Daphnimque
504 3496 589 3549 tuum
604 3490 741 3550 tollemus
756 3488 795 3550 ad
811 3495 912 3562 astra;

111 3569 249 3656 Daphnin
264 3574 304 3636 ad
319 3581 400 3636 astra
416 3575 567 3637 feremus:
593 3574 704 3636 amavit
718 3595 771 3636 nos
787 3595 905 3656 quoque
921 3569 1068 3655 Daphnis.

149 3657 214 3720 Mc.
231 3659 285 3721 An
299 3660 463 3743 quidquam
477 3661 560 3722 nobis
576 3661 629 3722 tali
644 3661 683 3722 sit
697 3681 821 3722 munere
836 3662 932 3744 majus
946 3659 958 3720 ’ἒ

113 3740 150 3804 Et
163 3767 239 3827 puer
253 3747 317 3828 ipse
333 3746 391 3808 fuit
406 3747 521 3809 cantari
537 3746 656 3828 dignus,
672 3753 703 3808 et
717 3747 775 3809 ista

113 3826 131 3889 J
133 3850 179 3891 am
193 3832 310 3915 pridem
327 3830 472 3895 Stimicon
485 3832 621 3895 laudavit
636 3833 768 3896 carmina
779 3831 873 3895 nobis.
