2496 4334
398 315 400 319 v
443 260 623 307 snoasmos
645 260 710 307 mn.
732 260 781 308 1v.
1097 240 1138 307 7⁷

107 413 226 498 Cogitur
239 414 330 498 inque
345 415 427 478 sinus
441 414 551 479 scindit
565 435 632 478 sese
647 414 729 477 unda
745 412 897 496 reductos,
1091 431 1139 480 42⁰

103 499 265 584 Deprensis
279 500 349 563 olim
362 500 450 564 statio
465 500 612 564 tutissima
625 500 724 562 nautis
738 519 746 575 ;

101 585 186 648 Intus
201 607 234 648 se
249 586 326 648 vasti
340 586 468 649 Proteus
482 586 560 667 tegit
574 585 669 668 objice
684 584 757 647 saxi.
771 642 824 664 υ,

100 669 158 732 Hic
169 672 316 754 juvenem
329 671 361 733 in
374 671 496 735 latebris
510 691 648 733 aversum
666 670 808 732 alumine
823 669 968 755 Nympha

101 755 257 831 Collocat;
279 756 345 838 ipsa
358 757 461 839 procul
475 756 592 818 nebulis
607 756 733 818 obscura
746 755 869 818 resistit.

99 840 119 902 J
120 861 170 903 am
184 841 308 925 rapidus
323 848 439 904 torrens
453 841 588 905 sitientes
604 838 699 902 Sirius
714 840 805 903 Indos

98 925 240 989 Ardebat
252 947 261 1003 3
283 927 366 990 coelo
381 933 412 989 et
425 927 556 989 medium
571 927 614 989 sol
627 926 733 1008 igneus
747 926 852 989 orbem

99 1011 277 1088 Hauserat;
299 1013 425 1074 arebant
438 1012 561 1089 herbae,
578 1018 609 1074 et
624 1031 698 1073 cava
711 1011 833 1074 flumina
846 1012 934 1077 siccis

100 1095 251 1160 Faucibus
265 1096 305 1160 ad
319 1097 421 1159 limum
436 1097 512 1160 radii
527 1096 678 1181 tepefacta
692 1097 881 1179 coquebant:

100 1179 201 1253 Quum
215 1183 343 1245 Proteus
358 1189 500 1246 consueta
514 1189 619 1265 petens
634 1202 651 1244 e
666 1181 805 1244 fluctibus
819 1189 907 1248 antra

98 1265 169 1329 Ibat
182 1287 191 1343 3
215 1288 283 1329 eum
297 1268 374 1331 vasti
389 1267 502 1330 circum
515 1288 590 1350 gens
603 1266 726 1329 humida
738 1267 822 1350 ponti

99 1351 263 1415 Exsultans
277 1374 375 1415 rorem
388 1353 448 1416 late
464 1352 603 1436 dispersit
616 1373 760 1414 amarum.

100 1435 248 1499 Sternunt
262 1457 295 1500 se
310 1458 410 1500 somno
424 1438 561 1501 diversae
575 1439 607 1500 in
621 1438 708 1500 litore
723 1437 836 1520 phocae
848 1458 857 1515 ;

98 1521 182 1604 Ipse,
197 1523 281 1585 velut
296 1523 405 1586 stabuli
419 1530 518 1587 custos
532 1523 563 1585 in
576 1523 724 1586 montibus
739 1522 819 1602 olim,

99 1607 221 1690 Vesper
234 1608 285 1670 ubi
299 1629 317 1670 e
331 1615 421 1692 pastu
434 1609 542 1672 vitulos
557 1608 597 1670 ad
611 1614 692 1671 tecta
709 1607 837 1689 reducit,

98 1693 283 1777 Auditisque
297 1693 382 1776 lupos
397 1701 509 1756 acuunt
523 1694 671 1756 balatibus
686 1693 767 1775 agni,
1089 1718 1137 1767 4³5

100 1777 239 1841 Considit
251 1780 371 1862 scopulo
384 1779 511 1857 medius,
525 1799 740 1861 numerumque
755 1787 903 1843 recenset.

100 1863 195 1947 Cujus
209 1863 351 1926 Aristaeo
365 1864 504 1947 quoniam
518 1871 565 1927 est
579 1865 678 1927 oblata
692 1864 829 1943 facultas,

98 1949 163 2012 Vix
177 1948 296 2012 defema
309 1969 412 2012 senem
426 1970 530 2033 passus
545 1970 720 2032 componere
736 1950 879 2028 membra,

100 2033 179 2096 Oum
193 2035 320 2097 clamore
335 2035 396 2097 ruit
410 2056 529 2118 magno,
544 2035 726 2117 manicisque
736 2034 890 2118 jacentem

101 2117 250 2202 Occupat.
295 2119 352 2182 Ille
368 2141 439 2183 suae
453 2127 557 2184 contra
570 2141 630 2183 non
643 2120 797 2182 immemor
811 2120 894 2198 artis,
1088 2141 1136 2190 444)

100 2203 211 2267 Omnia
225 2205 416 2268 transformat
430 2226 494 2269 sese
508 2206 541 2267 in
554 2205 698 2268 miracula
712 2226 823 2284 rerum,

97 2289 279 2373 ignemque,
293 2289 521 2373 horribilemque
536 2290 642 2368 feram,
657 2290 837 2372 fluviumque
852 2291 1025 2373 liquentem.

97 2375 217 2438 Verum
231 2363 283 2446 uhi
296 2377 378 2438 nulla
391 2377 495 2458 fugam
509 2375 622 2458 reperit
636 2375 766 2453 fallacia,
781 2376 877 2438 victus

97 2461 138 2523 In
153 2482 219 2524 sese
235 2461 324 2540 redit,
341 2468 431 2543 atque
448 2461 573 2523 hominis
588 2460 709 2522 tandem
723 2481 774 2522 ore
788 2462 926 2523 locutus:

98 2546 182 2608 Nam
196 2546 263 2628 quis
277 2553 319 2624 te,
329 2547 475 2629 juvenum
490 2545 750 2623 confidentissime,
765 2552 881 2608 nostras
1089 2567 1136 2615 445

97 2631 120 2693 J
120 2631 197 2693 ussit
212 2631 294 2693 adire
309 2631 409 2694 domos
422 2631 435 2693 ‘l
458 2631 567 2714 quidve
582 2631 651 2693 hinc
666 2629 769 2714 petis?
791 2631 898 2713 inquit.
942 2632 989 2695 At
1002 2632 1073 2696 ille:

99 2715 179 2794 Scis,
195 2716 319 2795 Protea,
334 2717 392 2778 sois
406 2717 470 2800 ipse
484 2736 492 2791 ;
514 2737 613 2798 nequo
629 2722 675 2778 est
689 2722 720 2778 te
735 2715 839 2778 fallere
855 2717 1018 2800 quidquam
1032 2739 1040 2794 3

100 2800 163 2863 Sed
178 2807 213 2864 tu
229 2800 330 2864 desino
347 2802 433 2864 velle.
478 2802 578 2864 Deum
592 2806 754 2885 praecepta
768 2802 863 2864 secuti

98 2886 258 2965 Venimus,
272 2887 341 2949 hinc
356 2887 446 2970 lapsis
461 2888 629 2969 quaesitum
644 2887 765 2948 oracula
778 2887 878 2949 rebus.

99 2971 230 3034 Tantum
244 2973 359 3034 effatus.
400 2969 458 3040 Ad
469 2972 547 3040 haee
561 2979 646 3040 vans
660 2972 689 3034 vi
704 2964 832 3055 donique
847 2973 940 3035 multa
1089 2992 1136 3039 rso

99 3057 254 3119 Ardentes
268 3058 368 3121 oculos
382 3057 501 3119 intorsit
514 3058 625 3118 lumine
641 3057 758 3138 glauco,

100 3142 142 3204 Et
156 3142 290 3223 graviter
304 3142 457 3221 frendens,
472 3143 514 3204 sic
530 3142 599 3204 fatis
614 3163 667 3204 ora
681 3140 822 3203 resolvit:

142 3227 214 3289 Non
228 3233 258 3290 te
273 3228 383 3290 nullius
398 3235 540 3290 exercent
554 3227 681 3288 numinis
696 3227 758 3288 irae
774 3245 782 3299 ;

98 3311 215 3394 Magna
228 3312 286 3375 luis
301 3313 475 3375 commissa:
500 3313 554 3374 tibi
568 3312 622 3374 has
637 3310 811 3374 miserabilis
827 3308 966 3395 Orpheus

99 3396 193 3459 Haud
208 3418 358 3480 quaquam
374 3399 411 3460 ob
425 3398 564 3460 meritum
578 3419 699 3480 poenas,
714 3396 745 3458 ni
759 3396 822 3459 fata
836 3397 988 3476 resistant,
1089 3415 1136 3462 455

101 3481 245 3560 Suscitat,
261 3490 292 3545 et
306 3489 394 3565 rapta
409 3483 541 3564 graviter
555 3504 609 3566 pro
624 3484 750 3566 conjuge
765 3482 870 3546 saevit.

99 3567 158 3630 Illa
173 3568 304 3651 quidem,
321 3568 391 3629 dum
406 3576 435 3630 te
451 3569 571 3650 fugeret
585 3589 639 3651 per
653 3568 774 3629 flumina
788 3588 944 3649 praeceps,

99 3653 264 3716 Immanem
279 3659 349 3715 ante
364 3654 457 3736 pedes
472 3653 601 3736 hydrum
615 3652 759 3714 moritura
773 3654 872 3735 puella

101 3737 280 3802 Servantem
294 3738 374 3822 ripas
389 3739 451 3801 alta
464 3760 524 3800 non
539 3738 613 3801 vidit
627 3738 658 3798 in
673 3736 776 3798 herba.

361 3822 378 3886 7
