2496 4334
424 270 586 320 erumnas
610 271 675 319 nm.
700 272 761 319 vn.
1051 258 1113 322 205

69 422 112 489 m
126 425 237 489 violare
251 445 343 488 manu
356 425 501 510 malisque
517 425 680 490 audacibus
695 426 797 489 orbem

66 511 181 575 Fatahs
197 511 300 589 crusti,
315 512 423 593 patulis
438 534 494 576 nec
506 533 630 595 parcere
646 512 768 594 quadris
781 533 790 588 ;
1066 532 1112 582 115

68 595 176 660 Heus!
201 597 291 659 etiam
305 617 423 660 mensas
439 597 636 660 consumimus
650 597 662 659 ’ἒ
685 597 783 681 inquit
797 588 882 660 Iulus
895 618 904 674 ;

70 681 138 744 Nec
153 682 240 764 plura
255 681 401 744 alludens.
446 684 494 746 Ea
508 705 566 745 vox
580 682 683 745 audita
699 684 834 745 laborum

69 766 172 829 Prima
186 767 255 829 tulit
269 767 370 845 finem,
385 767 570 850 primamque
585 768 733 850 loquentis
748 768 785 830 ab
802 789 853 831 ore

69 851 189 935 Eripuit
203 856 290 934 pater
305 872 339 913 ac
355 853 541 936 stupefactus
555 853 676 915 numine
691 853 809 935 pressit.
1049 894 1054 906 ·

70 935 229 1014 Continuo,
247 935 336 999 Salve
351 937 421 1000 fatis
435 939 507 1000 mihi
522 938 624 1000 debita
639 939 739 1017 tellus,
1066 938 1112 987 12⁰

68 1021 203 1104 Vosque,
219 1021 273 1101 ait,
288 1042 304 1083 c
319 1021 372 1084 fidi
386 1023 492 1106 Trojae
508 1024 620 1086 salvete
635 1021 784 1087 Penates!

68 1107 129 1169 Hic
145 1106 261 1178 domus,
276 1107 352 1169 haec
367 1109 464 1189 patria
479 1115 545 1171 est:
569 1109 687 1190 genitor
700 1109 773 1170 mihi
787 1108 860 1171 talia
873 1129 1015 1192 namque,

69 1192 160 1254 Nunc
175 1199 290 1274 repeto,
305 1191 456 1255 Anchises
471 1194 600 1257 fatorum
616 1214 726 1256 arcana
740 1193 872 1276 reliquit.

69 1276 170 1350 Quum
184 1282 227 1354 te,
241 1283 324 1355 nate,
339 1277 433 1341 fames
447 1279 552 1360 ignota
566 1280 604 1341 ad
618 1279 706 1341 litora
720 1285 841 1341 vectum

67 1361 187 1424 Accisis
202 1368 290 1444 coget
304 1361 430 1445 dapibus
445 1385 619 1427 consumere
634 1384 752 1426 mensas
765 1384 773 1440 3

69 1446 147 1509 Tum
161 1467 283 1530 sperare
298 1446 400 1510 domos
415 1448 562 1528 defessus,
577 1449 677 1531 ibique
692 1454 841 1511 memento

69 1531 172 1594 Prima
186 1533 283 1595 locare
298 1553 389 1595 manu
404 1535 559 1617 molirique
575 1555 687 1616 aggere
702 1541 794 1597 tecta.

69 1617 157 1680 Haec
173 1623 239 1680 erat
252 1618 305 1680 illa
318 1618 412 1682 fames
426 1639 434 1694 ;
456 1621 532 1683 haec
547 1641 601 1682 nos
614 1640 754 1703 suprema
768 1618 919 1698 manebat,

69 1702 177 1764 Exitiis
191 1702 324 1786 positura
338 1703 470 1766 modum.
741 1714 744 1718 ⁴

69 1786 170 1860 Quare
186 1787 266 1870 agite
282 1794 314 1850 et
328 1788 422 1870 primo
436 1789 507 1852 laeti
523 1810 592 1852 cum
605 1789 715 1853 lumine
730 1789 810 1869 solis,

70 1871 155 1945 Quae
169 1873 247 1951 loca,
263 1873 351 1955 quive
365 1872 497 1936 habeant
510 1875 654 1953 homines,
670 1875 721 1936 ubi
735 1874 853 1938 moenia
867 1873 977 1958 gentis,

69 1958 275 2040 Vestigemus,
291 1964 323 2020 et
337 1979 356 2020 a
369 1966 461 2041 portu
475 1960 594 2022 diversa
608 1966 755 2042 petamus.

69 2041 161 2105 Nunc
175 2048 295 2126 pateras
310 2042 400 2106 libate
415 2043 438 2106 J
439 2045 498 2122 ovi,
513 2045 711 2127 precibusque
726 2050 831 2107 vocate

68 2127 225 2190 Anchisen
239 2127 415 2210 genitorem,
430 2136 462 2191 et
477 2129 547 2192 vina
561 2129 695 2212 reponite
710 2129 830 2192 mensis.
843 2176 844 2179 ,

71 2211 121 2275 Sic
137 2212 246 2275 deinde
262 2213 367 2276 effatus
381 2214 532 2276 frondenti
546 2221 681 2296 tempora
695 2235 777 2277 ramo

69 2297 219 2380 Imphcat,
235 2304 266 2360 et
282 2296 470 2382 Geniumque
483 2299 542 2362 loci
556 2301 740 2382 primamque
756 2299 880 2362 deorum

69 2383 231 2460 Tellurem,
246 2385 463 2466 nymphasque,
479 2391 510 2446 et
525 2385 622 2447 adhuc
638 2386 740 2466 ignota
754 2389 897 2466 precatur

69 2467 209 2529 Flumina
221 2487 229 2543 ;
252 2473 317 2530 tum
332 2468 462 2530 Noctem
475 2469 641 2552 Noctisque
657 2469 782 2531 orientia
796 2469 883 2549 signa

69 2552 256 2634 Idaeumque
271 2552 293 2615 J
294 2574 379 2615 ovem
394 2553 617 2636 Phrygiamque
634 2574 671 2615 ex
685 2553 788 2616 ordine
805 2551 937 2615 Matrem

69 2637 208 2715 Invocat,
224 2643 255 2699 et
269 2637 403 2720 duplices
420 2638 570 2721 Coeloque
586 2639 744 2721 Ereboque
760 2644 911 2721 parentes.

71 2721 132 2784 Hic
148 2727 236 2804 pater
250 2723 435 2805 omnipotens
451 2729 498 2784 ter
515 2724 596 2785 coelo
612 2724 710 2785 clarus
725 2723 762 2784 ab
778 2723 839 2785 alto

70 2805 219 2884 Intonuit,
234 2807 386 2889 radiisque
402 2808 557 2870 ardentem
570 2809 646 2870 lucis
662 2814 692 2870 et
707 2828 780 2870 auro

69 2890 140 2972 Ipse
155 2912 246 2953 manu
261 2893 397 2973 quatiens
412 2893 542 2954 ostendit
554 2893 591 2955 ab
606 2894 728 2954 aethere
743 2891 864 2953 nubem.

70 2975 195 3037 Diditur
208 2975 257 3037 hic
273 2976 370 3039 subito
384 2976 514 3060 Trojana
528 2999 582 3059 per
597 2978 716 3058 agmina
730 2997 842 3054 rumor,

68 3060 240 3123 Advenisse
256 3060 346 3138 diem,
362 3082 421 3142 quo
436 3061 537 3124 debita
550 3063 667 3123 moenia
682 3061 822 3123 condant.

70 3143 219 3206 Certatim
232 3144 401 3207 instaurant
416 3146 530 3228 epulas,
546 3152 637 3228 atque
653 3145 749 3208 omine
763 3165 873 3226 magno
892 3200 897 3207 .

70 3227 212 3290 Crateras
226 3229 300 3290 laeti
314 3236 451 3291 statuunt
466 3237 497 3292 et
511 3231 581 3292 vina
595 3236 747 3293 coronant.

113 3313 241 3374 Postera
255 3334 347 3395 quum
362 3315 457 3396 prima
470 3314 617 3376 lustrabat
631 3315 769 3396 lampade
785 3319 882 3377 terras

70 3396 148 3458 Orta
163 3396 226 3458 dies
241 3417 249 3472 3
272 3398 378 3459 urbem
393 3405 424 3460 et
439 3399 514 3461 fines
528 3406 559 3461 et
572 3399 660 3461 litora
675 3400 772 3481 gentis

69 3480 191 3543 Diversi
206 3483 381 3564 explorant:
404 3484 479 3546 haec
494 3484 583 3545 fontis
597 3491 705 3565 stagna
720 3483 853 3560 Numici,

69 3565 162 3627 Hunc
179 3565 323 3649 Thybrim
336 3568 469 3645 fluvium,
484 3569 532 3630 hic
548 3568 641 3630 fortes
655 3569 789 3630 habitare
806 3567 938 3628 Latinos.

70 3650 148 3710 'lum
163 3656 245 3712 satus
260 3650 396 3713 Anchisa
411 3653 542 3714 delectos
558 3653 660 3714 ordine
678 3654 714 3714 ab
732 3651 811 3713 omni

70 3732 201 3797 Centum
216 3741 348 3797 oratores
363 3744 492 3882 auglugta
507 3738 546 3800 ad
559 3738 676 3800 moenia
690 3736 771 3817 regis
