2496 4334
106 277 170 343 294
445 297 474 342 r.
498 296 641 342 urrann
662 293 809 342 uaaorus

103 447 262 531 Adjicias;
284 469 340 512 uec
357 454 387 510 te
402 449 490 511 ullius
505 448 646 512 violentia
660 449 772 528 vincat,

104 531 185 606 Quin
197 541 301 596 natam
316 534 438 616 egregio
453 555 564 615 genero
579 533 735 616 dignisque
750 535 924 618 hymenaeis

103 617 179 696 Des,
195 627 292 701 pater,
308 626 340 681 et
354 640 459 701 pacem
473 620 550 682 hanc
566 626 689 681 aeterno
700 620 822 682 foedere
832 621 955 704 jungas.

104 701 191 774 Quod
207 704 232 766 si
246 709 348 766 tantus
362 705 454 766 habet
468 710 583 766 mentes
598 708 630 766 et
644 711 768 786 pectora
782 712 890 784 terror,

103 787 208 869 Ipsum
222 789 415 868 obtestemur,
431 790 607 871 veniamque
623 810 741 852 oremus
756 790 888 873 abipso:

104 871 211 951 Cedat,
223 875 274 956 jus
289 875 440 957 proprium
456 875 521 956 regi
535 874 711 957 patriaeque
727 876 871 938 remittat.

102 956 183 1031 Quid
197 959 319 1022 miseros
334 961 422 1023 toties
436 960 468 1021 in
482 966 587 1042 aperta
601 959 735 1041 pericula
750 961 831 1023 cives

101 1042 239 1126 Projicis,
254 1066 271 1107 0
287 1044 373 1107 Latio
388 1052 479 1127 caput
493 1046 599 1107 horum
614 1050 645 1106 et
660 1064 767 1108 caussa
782 1046 953 1109 malorum?

100 1127 133 1189 N
134 1130 195 1190 ulla
210 1131 290 1191 salus
304 1131 403 1205 bell03
426 1151 532 1212 pacem
547 1135 577 1192 te
594 1129 742 1211 poscimus
756 1151 869 1211 omnen,

101 1212 213 1289 Turne,
228 1214 316 1277 simul
330 1215 412 1298 pacis
427 1216 522 1277 solum
538 1214 705 1277 inviolabile
721 1215 839 1297 pignus.

100 1297 219 1360 Primus
234 1320 302 1381 ego,
313 1300 441 1362 invisum
456 1320 546 1382 quem
560 1305 594 1360 tu
609 1299 662 1361 tihi
676 1301 776 1382 fingis,
789 1309 819 1363 et
834 1322 899 1364 esse

99 1382 153 1445 Nil
167 1405 276 1462 moror,
292 1405 340 1463 en,
356 1385 480 1467 supplex
492 1384 589 1447 venio.
635 1383 781 1448 Miserere
797 1392 927 1466 tuorum,

99 1467 182 1531 Pone
199 1469 310 1532 animos
326 1476 357 1531 et
372 1470 474 1551 pulsus
490 1470 558 1531 abi:
583 1475 630 1531 sat
644 1469 751 1533 funera
765 1471 825 1534 fusi

100 1552 250 1631 Vidimus,
265 1554 402 1635 ingentes
417 1561 449 1616 et
464 1554 659 1616 desolavimus
676 1575 773 1636 agros.

98 1637 176 1717 Aut,
191 1639 216 1700 si
231 1639 311 1700 fama
324 1644 435 1716 movet,
450 1639 475 1701 si
490 1645 607 1701 tantum
621 1647 743 1721 pectore
755 1640 845 1703 robur

101 1721 249 1806 Concipis,
265 1729 296 1786 et
311 1724 336 1786 si
351 1724 425 1786 adeo
441 1723 547 1786 dotalis
563 1724 647 1805 regia
662 1726 744 1787 cordi
760 1732 817 1805 est,

98 1806 201 1880 Ande,
213 1815 304 1891 atque
321 1809 480 1871 adversum
494 1809 591 1870 fidens
605 1810 652 1871 fer
667 1817 772 1892 pectus
787 1810 819 1873 in
832 1811 960 1872 hostem.

101 1890 233 1972 Scilicet,
248 1901 282 1956 ut
296 1894 398 1957 Turno
414 1893 568 1976 contingat
583 1894 667 1975 regia
682 1897 800 1978 conjux,

98 1976 175 2057 Nos,
190 1978 305 2042 animae
323 1980 406 2058 viles,
421 1978 577 2041 inhumata
590 1979 752 2061 infletaque
768 1980 867 2058 turba,

100 2061 276 2126 sternamur
291 2064 412 2146 campis.
458 2064 500 2126 Et
509 2065 573 2147 jam
588 2070 633 2142 tu,
645 2064 670 2125 si
685 2086 744 2147 qua
759 2065 812 2127 tibi
824 2066 879 2143 vis,

98 2146 133 2305 {i
147 2150 235 2230 patrii
251 2149 323 2279 qpid
338 2149 446 2212 Martis
460 2149 564 2228 habes,
577 2149 660 2211 illum
675 2149 796 2233 adspice
814 2156 929 2229 contra,

127 2234 158 2294 ui
173 2241 279 2297 vocat.

57 2323 60 2327 ’
97 2317 218 2380 Talibus
234 2319 345 2381 exarsit
360 2319 447 2381 dictis
461 2317 602 2380 violentia
616 2319 731 2394 Turni3

97 2402 160 2464 Dat
174 2405 328 2486 gemitum,
344 2404 513 2486 rumpitque
526 2405 580 2465 has
595 2404 653 2466 imo
668 2411 789 2486 pectore
805 2425 914 2467 voces:

97 2487 198 2572 Larga
213 2489 344 2571 quidem,
359 2489 492 2566 Drance,
505 2509 623 2570 semper
638 2489 692 2550 tibi
708 2490 793 2571 copia
807 2490 891 2552 fandi

98 2573 186 2652 Tum,
202 2596 294 2657 quum
308 2574 386 2636 bella
400 2594 505 2635 manus
520 2580 656 2655 poscunt,
671 2575 864 2656 patribusque
880 2573 992 2636 vocatis

96 2657 215 2721 Primus
230 2659 313 2721 ades.
360 2657 421 2721 Sed
436 2679 495 2720 non
510 2658 654 2740 replenda
669 2666 715 2721 est
729 2660 813 2722 curia
823 2659 933 2737 verbiS,

97 2742 181 2815 Quae
199 2751 263 2806 tuto
279 2744 332 2805 tibi
346 2765 456 2826 magna
470 2745 582 2820 volant,
598 2744 669 2805 dum
684 2744 806 2806 distinet
819 2745 935 2806 hostem

95 2827 204 2909 Agger
218 2850 396 2905 moerorum,
412 2849 467 2890 nec
485 2828 631 2889 inundant
646 2830 791 2910 sanguine
805 2829 913 2891 fossae.

96 2912 226 2974 Proinde
243 2920 313 2975 tona
328 2913 443 2995 eloquio
457 2947 501 2956 —
516 2913 633 2974 solitum
648 2913 760 2974 tibi-
774 2934 881 2996 meque
897 2912 1010 2975 timoris

95 2997 202 3080 Argue
219 3004 263 3075 tu,
279 2998 411 3076 Drance,
424 2998 543 3080 quando
558 3005 602 3060 tot
617 2999 725 3079 stragis
740 3020 863 3061 acervos

97 3082 279 3145 Teucrorum
291 3092 343 3145 tua
358 3084 464 3145 dextra
479 3083 572 3159 dedit,
587 3084 756 3165 passimque
772 3083 901 3166 tropacis

96 3166 227 3249 Insignis
243 3189 340 3250 agros.
386 3168 484 3230 Possit
499 3168 571 3250 quid
586 3168 685 3230 vivida
700 3170 805 3247 virtus,

97 3250 261 3335 Experiere
277 3253 348 3314 licet
362 3272 370 3327 ;
393 3273 449 3314 nec
466 3253 553 3333 longe
570 3254 685 3316 scilicet
698 3254 799 3317 hostes

98 3334 270 3408 Quaerendi
280 3337 384 3399 nobis:
409 3337 602 3399 circumstant
617 3339 748 3421 undique
766 3358 875 3400 muros.

97 3421 180 3484 lmus
195 3422 226 3484 in
241 3420 405 3484 adversos?
441 3419 520 3493 Quid
534 3423 657 3484 cessas?
681 3445 720 3486 an
734 3424 787 3486 tibi
799 3424 921 3486 Mavors

97 3507 233 3571 Ventoso
246 3508 278 3569 in
291 3508 394 3589 lingua
409 3507 593 3589 pedibusque
608 3508 766 3589 fugacibus
780 3509 844 3570 istis

99 3590 225 3676 Semper
240 3592 323 3655 erit?

98 3676 207 3740 Pulsus
222 3699 278 3761 ego
291 3678 304 3741 l
328 3685 380 3740 aut
395 3678 551 3760 quisquam
565 3677 682 3756 meritc,
697 3678 878 3756 foedissime,
893 3677 1012 3761 pulsum

96 3761 229 3844 Arguet,
245 3765 338 3826 iliaco
353 3763 499 3826 tumidum
515 3764 566 3846 qui
582 3783 716 3826 crescere
733 3763 876 3848 Thybrim
