<?xml version="1.0" encoding="UTF-8"?>
<!DOCTYPE html PUBLIC "-//W3C//DTD XHTML 1.0 Transitional//EN"
    "http://www.w3.org/TR/xhtml1/DTD/xhtml1-transitional.dtd">
<html xmlns="http://www.w3.org/1999/xhtml" xml:lang="en" lang="en">
 <head>
  <title>
</title>
<meta http-equiv="Content-Type" content="text/html;charset=utf-8" />
  <meta name='ocr-system' content='tesseract 3.04.00' />
  <meta name='ocr-capabilities' content='ocr_page ocr_carea ocr_par ocr_line ocrx_word'/>
</head>
<body>
  <div class='ocr_page' id='page_1' title='image "./bucolicsgeorgic00virggoog_0230.png"; bbox 0 0 2496 4334; ppageno 0'>
   <div class='ocr_carea' id='block_1_1' title="bbox 437 325 775 374">
    <p class='ocr_par' dir='ltr' id='par_1_1' title="bbox 437 325 775 374">
     <span class='ocr_line' id='line_1_1' title="bbox 437 325 775 374; baseline 0.003 -2"><span class='ocrx_word' id='word_1_1' title='bbox 437 325 598 372; x_wconf 84' lang='lat' dir='ltr'>AENEIDOS</span> <span class='ocrx_word' id='word_1_2' title='bbox 620 327 686 372; x_wconf 89' lang='lat' dir='ltr'><strong>LIB.</strong></span> <span class='ocrx_word' id='word_1_3' title='bbox 713 327 775 374; x_wconf 80' lang='lat' dir='ltr'>VH.</span> 
     </span>
    </p>
   </div>
   <div class='ocr_carea' id='block_1_2' title="bbox 75 480 1217 3889">
    <p class='ocr_par' dir='ltr' id='par_1_2' title="bbox 82 480 1217 905">
     <span class='ocr_line' id='line_1_2' title="bbox 83 480 911 564; baseline 0.002 -21"><span class='ocrx_word' id='word_1_4' title='bbox 83 480 126 543; x_wconf 84' lang='lat' dir='ltr'>Et</span> <span class='ocrx_word' id='word_1_5' title='bbox 140 481 265 564; x_wconf 90' lang='lat' dir='ltr'>primam</span> <span class='ocrx_word' id='word_1_6' title='bbox 280 487 350 544; x_wconf 90' lang='lat' dir='ltr'>ante</span> <span class='ocrx_word' id='word_1_7' title='bbox 366 480 461 544; x_wconf 83' lang='lat' dir='ltr'><strong>aciem</strong></span> <span class='ocrx_word' id='word_1_8' title='bbox 476 481 569 542; x_wconf 89' lang='lat' dir='ltr'>densa</span> <span class='ocrx_word' id='word_1_9' title='bbox 582 480 662 542; x_wconf 89' lang='lat' dir='ltr'>inter</span> <span class='ocrx_word' id='word_1_10' title='bbox 678 481 738 542; x_wconf 91' lang='lat' dir='ltr'>tela</span> <span class='ocrx_word' id='word_1_11' title='bbox 752 480 911 545; x_wconf 87' lang='lat' dir='ltr'>feruntur:</span> 
     </span>
     <span class='ocr_line' id='line_1_3' title="bbox 85 566 895 649; baseline 0.001 -21"><span class='ocrx_word' id='word_1_12' title='bbox 85 566 150 628; x_wconf 85' lang='lat' dir='ltr'>Ceu</span> <span class='ocrx_word' id='word_1_13' title='bbox 165 567 225 630; x_wconf 94' lang='lat' dir='ltr'>duo</span> <span class='ocrx_word' id='word_1_14' title='bbox 239 568 409 649; x_wconf 82' lang='lat' dir='ltr'>nubigenae</span> <span class='ocrx_word' id='word_1_15' title='bbox 425 581 517 649; x_wconf 88' lang='lat' dir='ltr'>quum</span> <span class='ocrx_word' id='word_1_16' title='bbox 531 566 644 628; x_wconf 86' lang='lat' dir='ltr'>vertice</span> <span class='ocrx_word' id='word_1_17' title='bbox 659 566 766 628; x_wconf 89' lang='lat' dir='ltr'>montis</span> <span class='ocrx_word' id='word_1_18' title='bbox 782 567 819 628; x_wconf 92' lang='lat' dir='ltr'>ab</span> <span class='ocrx_word' id='word_1_19' title='bbox 835 568 895 629; x_wconf 87' lang='lat' dir='ltr'>alto</span> 
     </span>
     <span class='ocr_line' id='line_1_4' title="bbox 82 649 1217 734; baseline -0.004 -20"><span class='ocrx_word' id='word_1_20' title='bbox 82 651 279 714; x_wconf 74' lang='lat' dir='ltr'>Descendunt</span> <span class='ocrx_word' id='word_1_21' title='bbox 294 652 448 730; x_wconf 77' lang='lat' dir='ltr'>Centauri,</span> <span class='ocrx_word' id='word_1_22' title='bbox 465 652 614 713; x_wconf 87' lang='lat' dir='ltr'>Homolen</span> <span class='ocrx_word' id='word_1_23' title='bbox 630 649 822 734; x_wconf 81' lang='lat' dir='ltr'>Othrquue.</span> <span class='ocrx_word' id='word_1_24' title='bbox 833 653 962 716; x_wconf 90' lang='lat' dir='ltr'>nivalem</span> <span class='ocrx_word' id='word_1_25' title='bbox 1076 671 1125 722; x_wconf 66' lang='lat'>575</span> <span class='ocrx_word' id='word_1_26' title='bbox 1211 698 1217 710; x_wconf 76' lang='grc'>,</span> 
     </span>
     <span class='ocr_line' id='line_1_5' title="bbox 83 736 866 821; baseline 0.003 -24"><span class='ocrx_word' id='word_1_27' title='bbox 83 736 267 818; x_wconf 78' lang='lat' dir='ltr'>Linquentes</span> <span class='ocrx_word' id='word_1_28' title='bbox 284 758 373 800; x_wconf 89' lang='lat' dir='ltr'>cursu</span> <span class='ocrx_word' id='word_1_29' title='bbox 389 736 513 821; x_wconf 88' lang='lat' dir='ltr'>rapido;</span> <span class='ocrx_word' id='word_1_30' title='bbox 536 736 589 798; x_wconf 90' lang='lat' dir='ltr'>dat</span> <span class='ocrx_word' id='word_1_31' title='bbox 604 737 743 798; x_wconf 89' lang='lat' dir='ltr'>euntibus</span> <span class='ocrx_word' id='word_1_32' title='bbox 758 738 866 818; x_wconf 89' lang='lat' dir='ltr'>ingens</span> 
     </span>
     <span class='ocr_line' id='line_1_6' title="bbox 85 820 877 905; baseline 0 -21"><span class='ocrx_word' id='word_1_33' title='bbox 85 820 166 884; x_wconf 83' lang='lat' dir='ltr'>Silva</span> <span class='ocrx_word' id='word_1_34' title='bbox 181 823 290 900; x_wconf 92' lang='lat' dir='ltr'>locum,</span> <span class='ocrx_word' id='word_1_35' title='bbox 306 830 337 885; x_wconf 92' lang='lat' dir='ltr'>et</span> <span class='ocrx_word' id='word_1_36' title='bbox 353 844 460 905; x_wconf 89' lang='lat' dir='ltr'>magno</span> <span class='ocrx_word' id='word_1_37' title='bbox 476 823 587 884; x_wconf 88' lang='lat' dir='ltr'>cedunt</span> <span class='ocrx_word' id='word_1_38' title='bbox 601 822 732 902; x_wconf 87' lang='lat' dir='ltr'>virgulta</span> <span class='ocrx_word' id='word_1_39' title='bbox 746 822 877 904; x_wconf 82' lang='lat' dir='ltr'>fragore.</span> 
     </span>
    </p>

    <p class='ocr_par' dir='ltr' id='par_1_3' title="bbox 81 906 942 2013">
     <span class='ocr_line' id='line_1_7' title="bbox 126 906 800 985; baseline 0.001 -17"><span class='ocrx_word' id='word_1_40' title='bbox 126 907 193 970; x_wconf 89' lang='lat' dir='ltr'>Nec</span> <span class='ocrx_word' id='word_1_41' title='bbox 209 908 424 970; x_wconf 87' lang='lat' dir='ltr'>Praenestinae</span> <span class='ocrx_word' id='word_1_42' title='bbox 439 907 582 968; x_wconf 85' lang='lat' dir='ltr'>fundator</span> <span class='ocrx_word' id='word_1_43' title='bbox 597 906 693 968; x_wconf 88' lang='lat' dir='ltr'>defuit</span> <span class='ocrx_word' id='word_1_44' title='bbox 708 907 800 985; x_wconf 88' lang='lat' dir='ltr'>urbis,</span> 
     </span>
     <span class='ocr_line' id='line_1_8' title="bbox 83 992 846 1076; baseline 0 -22"><span class='ocrx_word' id='word_1_45' title='bbox 83 992 220 1055; x_wconf 86' lang='lat' dir='ltr'>Vulcano</span> <span class='ocrx_word' id='word_1_46' title='bbox 235 994 369 1074; x_wconf 90' lang='lat' dir='ltr'>genitum</span> <span class='ocrx_word' id='word_1_47' title='bbox 381 1014 490 1076; x_wconf 91' lang='lat' dir='ltr'>pecora</span> <span class='ocrx_word' id='word_1_48' title='bbox 503 993 582 1054; x_wconf 87' lang='lat' dir='ltr'>inter</span> <span class='ocrx_word' id='word_1_49' title='bbox 597 992 728 1073; x_wconf 88' lang='lat' dir='ltr'>agrestia</span> <span class='ocrx_word' id='word_1_50' title='bbox 742 1013 846 1074; x_wconf 86' lang='lat' dir='ltr'>regem</span> 
     </span>
     <span class='ocr_line' id='line_1_9' title="bbox 82 1076 858 1160; baseline 0.003 -22"><span class='ocrx_word' id='word_1_51' title='bbox 82 1076 302 1160; x_wconf 86' lang='lat' dir='ltr'>Inventumque</span> <span class='ocrx_word' id='word_1_52' title='bbox 318 1079 391 1140; x_wconf 84' lang='lat' dir='ltr'>focis</span> <span class='ocrx_word' id='word_1_53' title='bbox 407 1079 500 1140; x_wconf 90' lang='lat' dir='ltr'>omnis</span> <span class='ocrx_word' id='word_1_54' title='bbox 516 1099 605 1160; x_wconf 92' lang='lat' dir='ltr'>quem</span> <span class='ocrx_word' id='word_1_55' title='bbox 620 1077 748 1139; x_wconf 88' lang='lat' dir='ltr'>credidit</span> <span class='ocrx_word' id='word_1_56' title='bbox 763 1084 858 1155; x_wconf 87' lang='lat' dir='ltr'>aetas,</span> 
     </span>
     <span class='ocr_line' id='line_1_10' title="bbox 84 1162 875 1245; baseline 0.001 -21"><span class='ocrx_word' id='word_1_57' title='bbox 84 1162 241 1226; x_wconf 82' lang='lat' dir='ltr'>Caeculus.</span> <span class='ocrx_word' id='word_1_58' title='bbox 286 1164 379 1225; x_wconf 91' lang='lat' dir='ltr'>Hunc</span> <span class='ocrx_word' id='word_1_59' title='bbox 394 1164 472 1245; x_wconf 89' lang='lat' dir='ltr'>legio</span> <span class='ocrx_word' id='word_1_60' title='bbox 486 1165 547 1225; x_wconf 90' lang='lat' dir='ltr'>late</span> <span class='ocrx_word' id='word_1_61' title='bbox 564 1163 722 1225; x_wconf 85' lang='lat' dir='ltr'>comitatur</span> <span class='ocrx_word' id='word_1_62' title='bbox 737 1164 875 1244; x_wconf 84' lang='lat' dir='ltr'>agrestis,</span> 
     </span>
     <span class='ocr_line' id='line_1_11' title="bbox 83 1247 939 1331; baseline 0.001 -22"><span class='ocrx_word' id='word_1_63' title='bbox 83 1247 200 1331; x_wconf 81' lang='lat' dir='ltr'>Quique</span> <span class='ocrx_word' id='word_1_64' title='bbox 218 1250 311 1320; x_wconf 88' lang='lat' dir='ltr'>altum</span> <span class='ocrx_word' id='word_1_65' title='bbox 326 1249 491 1311; x_wconf 88' lang='lat' dir='ltr'>Praeneste</span> <span class='ocrx_word' id='word_1_66' title='bbox 507 1248 574 1326; x_wconf 90' lang='lat' dir='ltr'>viri,</span> <span class='ocrx_word' id='word_1_67' title='bbox 590 1249 700 1330; x_wconf 89' lang='lat' dir='ltr'>quique</span> <span class='ocrx_word' id='word_1_68' title='bbox 716 1268 789 1310; x_wconf 91' lang='lat' dir='ltr'>arva</span> <span class='ocrx_word' id='word_1_69' title='bbox 805 1247 939 1311; x_wconf 84' lang='lat' dir='ltr'>Gabinae</span> 
     </span>
     <span class='ocr_line' id='line_1_12' title="bbox 82 1329 846 1416; baseline 0.003 -22"><span class='ocrx_word' id='word_1_70' title='bbox 82 1333 103 1394; x_wconf 86' lang='lat' dir='ltr'>J</span> <span class='ocrx_word' id='word_1_71' title='bbox 105 1334 210 1396; x_wconf 89' lang='lat' dir='ltr'>uncnis</span> <span class='ocrx_word' id='word_1_72' title='bbox 226 1335 416 1416; x_wconf 89' lang='lat' dir='ltr'>gelidumque</span> <span class='ocrx_word' id='word_1_73' title='bbox 432 1329 583 1396; x_wconf 91' lang='lat' dir='ltr'>Anienem</span> <span class='ocrx_word' id='word_1_74' title='bbox 599 1340 629 1395; x_wconf 89' lang='lat' dir='ltr'>et</span> <span class='ocrx_word' id='word_1_75' title='bbox 644 1333 761 1395; x_wconf 88' lang='lat' dir='ltr'>roscida</span> <span class='ocrx_word' id='word_1_76' title='bbox 776 1333 846 1396; x_wconf 87' lang='lat' dir='ltr'>rivis</span> 
     </span>
     <span class='ocr_line' id='line_1_13' title="bbox 82 1417 916 1502; baseline 0 -23"><span class='ocrx_word' id='word_1_77' title='bbox 82 1417 218 1481; x_wconf 90' lang='lat' dir='ltr'>Hernica</span> <span class='ocrx_word' id='word_1_78' title='bbox 233 1441 304 1482; x_wconf 88' lang='lat' dir='ltr'>saxa</span> <span class='ocrx_word' id='word_1_79' title='bbox 319 1420 420 1482; x_wconf 87' lang='lat' dir='ltr'>colunt</span> <span class='ocrx_word' id='word_1_80' title='bbox 433 1441 441 1495; x_wconf 92' lang='lat'>;</span> <span class='ocrx_word' id='word_1_81' title='bbox 465 1440 538 1502; x_wconf 91' lang='lat' dir='ltr'>quos</span> <span class='ocrx_word' id='word_1_82' title='bbox 553 1418 636 1480; x_wconf 89' lang='lat' dir='ltr'>divos</span> <span class='ocrx_word' id='word_1_83' title='bbox 651 1418 794 1499; x_wconf 83' lang='lat' dir='ltr'>Anagnia</span> <span class='ocrx_word' id='word_1_84' title='bbox 808 1418 916 1500; x_wconf 88' lang='lat' dir='ltr'>pascit,</span> 
     </span>
     <span class='ocr_line' id='line_1_14' title="bbox 83 1501 889 1588; baseline 0 -22"><span class='ocrx_word' id='word_1_85' title='bbox 83 1501 175 1583; x_wconf 78' lang='lat' dir='ltr'>Quos,</span> <span class='ocrx_word' id='word_1_86' title='bbox 191 1504 341 1568; x_wconf 85' lang='lat' dir='ltr'>Amasene</span> <span class='ocrx_word' id='word_1_87' title='bbox 358 1512 454 1588; x_wconf 88' lang='lat' dir='ltr'>pater.</span> <span class='ocrx_word' id='word_1_88' title='bbox 500 1504 570 1566; x_wconf 90' lang='lat' dir='ltr'>Non</span> <span class='ocrx_word' id='word_1_89' title='bbox 584 1505 641 1566; x_wconf 89' lang='lat' dir='ltr'>illis</span> <span class='ocrx_word' id='word_1_90' title='bbox 656 1504 790 1565; x_wconf 89' lang='lat' dir='ltr'>omnibus</span> <span class='ocrx_word' id='word_1_91' title='bbox 806 1524 889 1566; x_wconf 90' lang='lat' dir='ltr'>arma</span> 
     </span>
     <span class='ocr_line' id='line_1_15' title="bbox 82 1587 942 1673; baseline 0.001 -24"><span class='ocrx_word' id='word_1_92' title='bbox 82 1587 114 1649; x_wconf 92' lang='lat' dir='ltr'>N</span> <span class='ocrx_word' id='word_1_93' title='bbox 116 1610 149 1650; x_wconf 90' lang='lat' dir='ltr'>ec</span> <span class='ocrx_word' id='word_1_94' title='bbox 165 1590 263 1672; x_wconf 87' lang='lat' dir='ltr'>clypei</span> <span class='ocrx_word' id='word_1_95' title='bbox 278 1612 419 1653; x_wconf 90' lang='lat' dir='ltr'>currusve</span> <span class='ocrx_word' id='word_1_96' title='bbox 435 1597 541 1652; x_wconf 90' lang='lat' dir='ltr'>sonant</span> <span class='ocrx_word' id='word_1_97' title='bbox 552 1589 573 1651; x_wconf 76' lang='grc' dir='ltr'>ε’</span> <span class='ocrx_word' id='word_1_98' title='bbox 584 1610 653 1673; x_wconf 89' lang='lat' dir='ltr'>pars</span> <span class='ocrx_word' id='word_1_99' title='bbox 667 1588 796 1651; x_wconf 81' lang='lat' dir='ltr'>maxima</span> <span class='ocrx_word' id='word_1_100' title='bbox 818 1588 942 1670; x_wconf 89' lang='lat' dir='ltr'>glandes</span> 
     </span>
     <span class='ocr_line' id='line_1_16' title="bbox 82 1673 831 1759; baseline 0.003 -25"><span class='ocrx_word' id='word_1_101' title='bbox 82 1673 216 1736; x_wconf 84' lang='lat' dir='ltr'>Liuentis</span> <span class='ocrx_word' id='word_1_102' title='bbox 230 1676 342 1759; x_wconf 90' lang='lat' dir='ltr'>plumbi</span> <span class='ocrx_word' id='word_1_103' title='bbox 358 1676 472 1758; x_wconf 87' lang='lat' dir='ltr'>spargit</span> <span class='ocrx_word' id='word_1_104' title='bbox 485 1697 493 1751; x_wconf 84' lang='lat'><em>3</em></span> <span class='ocrx_word' id='word_1_105' title='bbox 517 1696 586 1758; x_wconf 84' lang='lat' dir='ltr'>pars</span> <span class='ocrx_word' id='word_1_106' title='bbox 602 1675 715 1758; x_wconf 88' lang='lat' dir='ltr'>spicula</span> <span class='ocrx_word' id='word_1_107' title='bbox 731 1679 831 1755; x_wconf 89' lang='lat' dir='ltr'>gestat</span> 
     </span>
     <span class='ocr_line' id='line_1_17' title="bbox 82 1757 821 1843; baseline 0 -23"><span class='ocrx_word' id='word_1_108' title='bbox 82 1757 160 1820; x_wconf 88' lang='lat' dir='ltr'>Bina</span> <span class='ocrx_word' id='word_1_109' title='bbox 174 1780 286 1836; x_wconf 85' lang='lat' dir='ltr'>manu3</span> <span class='ocrx_word' id='word_1_110' title='bbox 307 1761 463 1843; x_wconf 88' lang='lat' dir='ltr'>fulvosque</span> <span class='ocrx_word' id='word_1_111' title='bbox 480 1761 544 1843; x_wconf 92' lang='lat' dir='ltr'>lupi</span> <span class='ocrx_word' id='word_1_112' title='bbox 559 1760 596 1822; x_wconf 92' lang='lat' dir='ltr'>de</span> <span class='ocrx_word' id='word_1_113' title='bbox 612 1761 689 1842; x_wconf 91' lang='lat' dir='ltr'>pelle</span> <span class='ocrx_word' id='word_1_114' title='bbox 705 1761 821 1841; x_wconf 89' lang='lat' dir='ltr'>galeros</span> 
     </span>
     <span class='ocr_line' id='line_1_18' title="bbox 81 1844 833 1928; baseline 0.001 -23"><span class='ocrx_word' id='word_1_115' title='bbox 81 1844 216 1927; x_wconf 81' lang='lat' dir='ltr'>Tegmen</span> <span class='ocrx_word' id='word_1_116' title='bbox 228 1846 340 1909; x_wconf 88' lang='lat' dir='ltr'>habent</span> <span class='ocrx_word' id='word_1_117' title='bbox 356 1847 446 1928; x_wconf 87' lang='lat' dir='ltr'>capiti</span> <span class='ocrx_word' id='word_1_118' title='bbox 459 1866 467 1921; x_wconf 93' lang='grc'><strong>;</strong></span> <span class='ocrx_word' id='word_1_119' title='bbox 485 1846 612 1927; x_wconf 88' lang='lat' dir='ltr'>vestigia</span> <span class='ocrx_word' id='word_1_120' title='bbox 626 1844 708 1906; x_wconf 90' lang='lat' dir='ltr'>nuda</span> <span class='ocrx_word' id='word_1_121' title='bbox 722 1845 833 1906; x_wconf 88' lang='lat' dir='ltr'>sinistri</span> 
     </span>
     <span class='ocr_line' id='line_1_19' title="bbox 81 1927 806 2013; baseline 0.003 -22"><span class='ocrx_word' id='word_1_122' title='bbox 81 1927 245 1993; x_wconf 90' lang='lat' dir='ltr'>Instituere</span> <span class='ocrx_word' id='word_1_123' title='bbox 260 1931 344 2013; x_wconf 91' lang='lat' dir='ltr'>pedis</span> <span class='ocrx_word' id='word_1_124' title='bbox 358 1952 366 2007; x_wconf 91' lang='lat'>;</span> <span class='ocrx_word' id='word_1_125' title='bbox 398 1931 508 1994; x_wconf 88' lang='lat' dir='ltr'>crudus</span> <span class='ocrx_word' id='word_1_126' title='bbox 524 1931 600 2012; x_wconf 90' lang='lat' dir='ltr'>tegit</span> <span class='ocrx_word' id='word_1_127' title='bbox 615 1931 710 1992; x_wconf 87' lang='lat' dir='ltr'>altera</span> <span class='ocrx_word' id='word_1_128' title='bbox 724 1951 806 2012; x_wconf 90' lang='lat' dir='ltr'>pero.</span> 
     </span>
    </p>

    <p class='ocr_par' dir='ltr' id='par_1_4' title="bbox 79 2014 942 2439">
     <span class='ocr_line' id='line_1_20' title="bbox 123 2014 924 2099; baseline 0.002 -23"><span class='ocrx_word' id='word_1_129' title='bbox 123 2015 170 2077; x_wconf 89' lang='lat' dir='ltr'>At</span> <span class='ocrx_word' id='word_1_130' title='bbox 183 2015 352 2099; x_wconf 83' lang='lat' dir='ltr'>Messapus,</span> <span class='ocrx_word' id='word_1_131' title='bbox 368 2037 479 2099; x_wconf 90' lang='lat' dir='ltr'>equum</span> <span class='ocrx_word' id='word_1_132' title='bbox 494 2015 630 2093; x_wconf 89' lang='lat' dir='ltr'>domitor,</span> <span class='ocrx_word' id='word_1_133' title='bbox 645 2014 801 2096; x_wconf 88' lang='lat' dir='ltr'>Neptunia</span> <span class='ocrx_word' id='word_1_134' title='bbox 815 2017 924 2097; x_wconf 85' lang='lat' dir='ltr'>proles,</span> 
     </span>
     <span class='ocr_line' id='line_1_21' title="bbox 82 2099 909 2185; baseline 0.002 -23"><span class='ocrx_word' id='word_1_135' title='bbox 82 2099 179 2172; x_wconf 84' lang='lat' dir='ltr'>Quem</span> <span class='ocrx_word' id='word_1_136' title='bbox 194 2107 291 2185; x_wconf 84' lang='lat' dir='ltr'>neque</span> <span class='ocrx_word' id='word_1_137' title='bbox 307 2103 351 2164; x_wconf 84' lang='lat' dir='ltr'>sas</span> <span class='ocrx_word' id='word_1_138' title='bbox 365 2101 428 2183; x_wconf 91' lang='lat' dir='ltr'>igni</span> <span class='ocrx_word' id='word_1_139' title='bbox 443 2102 583 2184; x_wconf 89' lang='lat' dir='ltr'>cuiquam</span> <span class='ocrx_word' id='word_1_140' title='bbox 597 2122 653 2162; x_wconf 91' lang='lat' dir='ltr'>nec</span> <span class='ocrx_word' id='word_1_141' title='bbox 669 2106 802 2161; x_wconf 89' lang='lat' dir='ltr'>sternere</span> <span class='ocrx_word' id='word_1_142' title='bbox 817 2101 909 2181; x_wconf 87' lang='lat' dir='ltr'>ferro,</span> 
     </span>
     <span class='ocr_line' id='line_1_22' title="bbox 80 2185 838 2270; baseline 0.003 -24"><span class='ocrx_word' id='word_1_143' title='bbox 80 2185 102 2246; x_wconf 84' lang='lat' dir='ltr'>J</span> <span class='ocrx_word' id='word_1_144' title='bbox 104 2207 152 2247; x_wconf 89' lang='lat' dir='ltr'>am</span> <span class='ocrx_word' id='word_1_145' title='bbox 164 2187 280 2268; x_wconf 91' lang='lat' dir='ltr'>pridem</span> <span class='ocrx_word' id='word_1_146' title='bbox 296 2187 409 2249; x_wconf 88' lang='lat' dir='ltr'>resides</span> <span class='ocrx_word' id='word_1_147' title='bbox 423 2189 546 2270; x_wconf 89' lang='lat' dir='ltr'>populos</span> <span class='ocrx_word' id='word_1_148' title='bbox 562 2185 745 2268; x_wconf 89' lang='lat' dir='ltr'>desuetaque</span> <span class='ocrx_word' id='word_1_149' title='bbox 760 2186 838 2248; x_wconf 92' lang='lat' dir='ltr'>bello</span> 
     </span>
     <span class='ocr_line' id='line_1_23' title="bbox 79 2269 942 2352; baseline -0.003 -18"><span class='ocrx_word' id='word_1_150' title='bbox 79 2269 213 2352; x_wconf 84' lang='lat' dir='ltr'>Agmina</span> <span class='ocrx_word' id='word_1_151' title='bbox 227 2273 259 2334; x_wconf 91' lang='lat' dir='ltr'>in</span> <span class='ocrx_word' id='word_1_152' title='bbox 273 2293 355 2334; x_wconf 89' lang='lat' dir='ltr'>arma</span> <span class='ocrx_word' id='word_1_153' title='bbox 369 2279 457 2335; x_wconf 89' lang='lat' dir='ltr'>vocat</span> <span class='ocrx_word' id='word_1_154' title='bbox 472 2273 580 2350; x_wconf 90' lang='lat' dir='ltr'>subito,</span> <span class='ocrx_word' id='word_1_155' title='bbox 595 2273 768 2352; x_wconf 88' lang='lat' dir='ltr'>ferrumque</span> <span class='ocrx_word' id='word_1_156' title='bbox 784 2275 942 2333; x_wconf 86' lang='lat' dir='ltr'>retractat.</span> 
     </span>
     <span class='ocr_line' id='line_1_24' title="bbox 80 2354 788 2439; baseline 0.003 -24"><span class='ocrx_word' id='word_1_157' title='bbox 80 2354 124 2416; x_wconf 90' lang='lat' dir='ltr'>Hi</span> <span class='ocrx_word' id='word_1_158' title='bbox 135 2355 336 2419; x_wconf 86' lang='lat' dir='ltr'>Fescenninas</span> <span class='ocrx_word' id='word_1_159' title='bbox 351 2358 430 2420; x_wconf 88' lang='lat' dir='ltr'>acies</span> <span class='ocrx_word' id='word_1_160' title='bbox 444 2357 628 2439; x_wconf 83' lang='lat' dir='ltr'>Aequosque</span> <span class='ocrx_word' id='word_1_161' title='bbox 644 2356 788 2433; x_wconf 85' lang='lat' dir='ltr'>Faliscos,</span> 
     </span>
    </p>

    <p class='ocr_par' dir='ltr' id='par_1_5' title="bbox 79 2439 801 2523">
     <span class='ocr_line' id='line_1_25' title="bbox 79 2439 801 2523; baseline 0 -21"><span class='ocrx_word' id='word_1_162' title='bbox 79 2439 124 2501; x_wconf 92' lang='lat' dir='ltr'>Hi</span> <span class='ocrx_word' id='word_1_163' title='bbox 140 2439 271 2504; x_wconf 86' lang='lat' dir='ltr'>Soractis</span> <span class='ocrx_word' id='word_1_164' title='bbox 285 2443 397 2504; x_wconf 90' lang='lat' dir='ltr'>habent</span> <span class='ocrx_word' id='word_1_165' title='bbox 413 2464 497 2504; x_wconf 89' lang='lat' dir='ltr'>arces</span> <span class='ocrx_word' id='word_1_166' title='bbox 514 2442 711 2523; x_wconf 88' lang='lat' dir='ltr'>Flaviniaque</span> <span class='ocrx_word' id='word_1_167' title='bbox 728 2460 801 2502; x_wconf 90' lang='lat' dir='ltr'>arva</span> 
     </span>
    </p>

    <p class='ocr_par' dir='ltr' id='par_1_6' title="bbox 79 2524 873 2695">
     <span class='ocr_line' id='line_1_26' title="bbox 79 2524 873 2608; baseline 0.001 -22"><span class='ocrx_word' id='word_1_168' title='bbox 79 2524 121 2605; x_wconf 84' lang='lat' dir='ltr'>Et</span> <span class='ocrx_word' id='word_1_169' title='bbox 138 2525 246 2589; x_wconf 88' lang='lat' dir='ltr'>Cimini</span> <span class='ocrx_word' id='word_1_170' title='bbox 260 2548 328 2589; x_wconf 92' lang='lat' dir='ltr'>cum</span> <span class='ocrx_word' id='word_1_171' title='bbox 341 2534 440 2589; x_wconf 86' lang='lat' dir='ltr'>monte</span> <span class='ocrx_word' id='word_1_172' title='bbox 456 2529 554 2589; x_wconf 90' lang='lat' dir='ltr'>lacum</span> <span class='ocrx_word' id='word_1_173' title='bbox 568 2529 709 2608; x_wconf 88' lang='lat' dir='ltr'>lucosque</span> <span class='ocrx_word' id='word_1_174' title='bbox 727 2525 873 2607; x_wconf 82' lang='lat' dir='ltr'>Capenos.</span> 
     </span>
     <span class='ocr_line' id='line_1_27' title="bbox 79 2609 812 2695; baseline -0.001 -23"><span class='ocrx_word' id='word_1_175' title='bbox 79 2609 171 2673; x_wconf 79' lang='lat' dir='ltr'>ibant</span> <span class='ocrx_word' id='word_1_176' title='bbox 185 2613 304 2695; x_wconf 80' lang='lat' dir='ltr'>aequati</span> <span class='ocrx_word' id='word_1_177' title='bbox 318 2634 453 2691; x_wconf 91' lang='lat' dir='ltr'>numero,</span> <span class='ocrx_word' id='word_1_178' title='bbox 469 2633 631 2695; x_wconf 84' lang='lat' dir='ltr'>regemque</span> <span class='ocrx_word' id='word_1_179' title='bbox 646 2611 812 2674; x_wconf 86' lang='lat' dir='ltr'>canebant:</span> 
     </span>
    </p>

    <p class='ocr_par' dir='ltr' id='par_1_7' title="bbox 77 2695 912 3037">
     <span class='ocr_line' id='line_1_28' title="bbox 80 2695 856 2780; baseline -0.001 -22"><span class='ocrx_word' id='word_1_180' title='bbox 80 2695 145 2758; x_wconf 83' lang='lat' dir='ltr'>Ceu</span> <span class='ocrx_word' id='word_1_181' title='bbox 160 2699 308 2779; x_wconf 90' lang='lat' dir='ltr'>quondam</span> <span class='ocrx_word' id='word_1_182' title='bbox 321 2699 401 2760; x_wconf 90' lang='lat' dir='ltr'>nivei</span> <span class='ocrx_word' id='word_1_183' title='bbox 416 2699 530 2780; x_wconf 91' lang='lat' dir='ltr'>liquida</span> <span class='ocrx_word' id='word_1_184' title='bbox 544 2698 624 2759; x_wconf 90' lang='lat' dir='ltr'>inter</span> <span class='ocrx_word' id='word_1_185' title='bbox 637 2697 739 2758; x_wconf 92' lang='lat' dir='ltr'>nubila</span> <span class='ocrx_word' id='word_1_186' title='bbox 758 2695 856 2779; x_wconf 87' lang='lat' dir='ltr'>cycni,</span> 
     </span>
     <span class='ocr_line' id='line_1_29' title="bbox 79 2780 836 2866; baseline 0 -23"><span class='ocrx_word' id='word_1_187' title='bbox 79 2780 180 2853; x_wconf 87' lang='lat' dir='ltr'>Quum</span> <span class='ocrx_word' id='word_1_188' title='bbox 194 2804 259 2846; x_wconf 86' lang='lat' dir='ltr'>sese</span> <span class='ocrx_word' id='word_1_189' title='bbox 275 2805 292 2845; x_wconf 89' lang='lat' dir='ltr'>e</span> <span class='ocrx_word' id='word_1_190' title='bbox 307 2790 396 2866; x_wconf 90' lang='lat' dir='ltr'>pastu</span> <span class='ocrx_word' id='word_1_191' title='bbox 410 2784 547 2845; x_wconf 88' lang='lat' dir='ltr'>referunt</span> <span class='ocrx_word' id='word_1_192' title='bbox 562 2789 593 2844; x_wconf 90' lang='lat' dir='ltr'>et</span> <span class='ocrx_word' id='word_1_193' title='bbox 608 2784 698 2863; x_wconf 90' lang='lat' dir='ltr'>longa</span> <span class='ocrx_word' id='word_1_194' title='bbox 713 2801 836 2844; x_wconf 89' lang='lat' dir='ltr'>canoros</span> 
     </span>
     <span class='ocr_line' id='line_1_30' title="bbox 78 2865 912 2950; baseline -0.002 -21"><span class='ocrx_word' id='word_1_195' title='bbox 78 2865 162 2929; x_wconf 91' lang='lat' dir='ltr'>Dant</span> <span class='ocrx_word' id='word_1_196' title='bbox 176 2890 231 2950; x_wconf 91' lang='lat' dir='ltr'>per</span> <span class='ocrx_word' id='word_1_197' title='bbox 245 2870 320 2932; x_wconf 89' lang='lat' dir='ltr'>colla</span> <span class='ocrx_word' id='word_1_198' title='bbox 333 2867 436 2931; x_wconf 92' lang='lat' dir='ltr'>modos</span> <span class='ocrx_word' id='word_1_199' title='bbox 449 2889 458 2945; x_wconf 83' lang='lat'>3</span> <span class='ocrx_word' id='word_1_200' title='bbox 481 2874 567 2931; x_wconf 89' lang='lat' dir='ltr'>sonat</span> <span class='ocrx_word' id='word_1_201' title='bbox 580 2868 674 2929; x_wconf 89' lang='lat' dir='ltr'>amnis</span> <span class='ocrx_word' id='word_1_202' title='bbox 689 2873 721 2929; x_wconf 89' lang='lat' dir='ltr'>et</span> <span class='ocrx_word' id='word_1_203' title='bbox 735 2866 811 2930; x_wconf 90' lang='lat' dir='ltr'>Asia</span> <span class='ocrx_word' id='word_1_204' title='bbox 824 2867 912 2948; x_wconf 91' lang='lat' dir='ltr'>longe</span> 
     </span>
     <span class='ocr_line' id='line_1_31' title="bbox 77 2952 517 3037; baseline 0.005 -24"><span class='ocrx_word' id='word_1_205' title='bbox 77 2952 171 3015; x_wconf 90' lang='lat' dir='ltr'>Pulsa</span> <span class='ocrx_word' id='word_1_206' title='bbox 185 2954 280 3037; x_wconf 90' lang='lat' dir='ltr'>palus.</span> <span class='ocrx_word' id='word_1_207' title='bbox 515 2974 517 2978; x_wconf 89' lang='lat'>·</span> 
     </span>
    </p>

    <p class='ocr_par' dir='ltr' id='par_1_8' title="bbox 76 3037 832 3207">
     <span class='ocr_line' id='line_1_32' title="bbox 76 3037 832 3121; baseline 0.003 -23"><span class='ocrx_word' id='word_1_208' title='bbox 76 3037 110 3098; x_wconf 95' lang='lat' dir='ltr'>N</span> <span class='ocrx_word' id='word_1_209' title='bbox 111 3058 145 3099; x_wconf 90' lang='lat' dir='ltr'>ec</span> <span class='ocrx_word' id='word_1_210' title='bbox 161 3040 319 3121; x_wconf 88' lang='lat' dir='ltr'>quisquam</span> <span class='ocrx_word' id='word_1_211' title='bbox 334 3044 451 3102; x_wconf 90' lang='lat' dir='ltr'>aeratas</span> <span class='ocrx_word' id='word_1_212' title='bbox 467 3039 546 3102; x_wconf 87' lang='lat' dir='ltr'>acies</span> <span class='ocrx_word' id='word_1_213' title='bbox 562 3060 599 3102; x_wconf 88' lang='lat' dir='ltr'>ex</span> <span class='ocrx_word' id='word_1_214' title='bbox 614 3038 731 3121; x_wconf 90' lang='lat' dir='ltr'>agmine</span> <span class='ocrx_word' id='word_1_215' title='bbox 749 3042 832 3100; x_wconf 87' lang='lat' dir='ltr'>tanto</span> 
     </span>
     <span class='ocr_line' id='line_1_33' title="bbox 76 3122 771 3207; baseline 0.003 -25"><span class='ocrx_word' id='word_1_216' title='bbox 76 3122 201 3185; x_wconf 88' lang='lat' dir='ltr'>Misceri</span> <span class='ocrx_word' id='word_1_217' title='bbox 214 3131 311 3206; x_wconf 87' lang='lat' dir='ltr'>putet,</span> <span class='ocrx_word' id='word_1_218' title='bbox 327 3126 439 3186; x_wconf 74' lang='lat' dir='ltr'>adriam</span> <span class='ocrx_word' id='word_1_219' title='bbox 453 3126 507 3188; x_wconf 89' lang='lat' dir='ltr'>sed</span> <span class='ocrx_word' id='word_1_220' title='bbox 523 3124 642 3207; x_wconf 88' lang='lat' dir='ltr'>gurgite</span> <span class='ocrx_word' id='word_1_221' title='bbox 659 3124 695 3185; x_wconf 88' lang='lat' dir='ltr'>ab</span> <span class='ocrx_word' id='word_1_222' title='bbox 712 3124 771 3185; x_wconf 87' lang='lat' dir='ltr'>alto</span> 
     </span>
    </p>

    <p class='ocr_par' dir='ltr' id='par_1_9' title="bbox 76 3208 820 3289">
     <span class='ocr_line' id='line_1_34' title="bbox 76 3208 820 3289; baseline -0.003 -19"><span class='ocrx_word' id='word_1_223' title='bbox 76 3208 189 3289; x_wconf 90' lang='lat' dir='ltr'>Urgeri</span> <span class='ocrx_word' id='word_1_224' title='bbox 204 3211 357 3271; x_wconf 86' lang='lat' dir='ltr'>volucrum</span> <span class='ocrx_word' id='word_1_225' title='bbox 372 3231 531 3272; x_wconf 87' lang='lat' dir='ltr'>raucarum</span> <span class='ocrx_word' id='word_1_226' title='bbox 546 3210 585 3272; x_wconf 92' lang='lat' dir='ltr'>ad</span> <span class='ocrx_word' id='word_1_227' title='bbox 599 3211 687 3272; x_wconf 88' lang='lat' dir='ltr'>litora</span> <span class='ocrx_word' id='word_1_228' title='bbox 700 3208 820 3270; x_wconf 91' lang='lat' dir='ltr'>nubem.</span> 
     </span>
    </p>

    <p class='ocr_par' dir='ltr' id='par_1_10' title="bbox 75 3293 977 3802">
     <span class='ocr_line' id='line_1_35' title="bbox 120 3293 890 3376; baseline 0 -22"><span class='ocrx_word' id='word_1_229' title='bbox 120 3293 212 3371; x_wconf 89' lang='lat' dir='ltr'>Ecce,</span> <span class='ocrx_word' id='word_1_230' title='bbox 230 3293 407 3356; x_wconf 83' lang='lat' dir='ltr'>Sabinorum</span> <span class='ocrx_word' id='word_1_231' title='bbox 422 3296 519 3376; x_wconf 89' lang='lat' dir='ltr'>prisco</span> <span class='ocrx_word' id='word_1_232' title='bbox 535 3296 572 3358; x_wconf 92' lang='lat' dir='ltr'>de</span> <span class='ocrx_word' id='word_1_233' title='bbox 587 3295 732 3376; x_wconf 76' lang='lat' dir='ltr'>sangiune</span> <span class='ocrx_word' id='word_1_234' title='bbox 747 3313 890 3374; x_wconf 90' lang='lat' dir='ltr'>magnum</span> 
     </span>
     <span class='ocr_line' id='line_1_36' title="bbox 75 3377 977 3462; baseline 0.001 -23"><span class='ocrx_word' id='word_1_235' title='bbox 75 3377 198 3459; x_wconf 91' lang='lat' dir='ltr'>Agmen</span> <span class='ocrx_word' id='word_1_236' title='bbox 212 3399 305 3461; x_wconf 86' lang='lat' dir='ltr'>agens</span> <span class='ocrx_word' id='word_1_237' title='bbox 321 3379 459 3458; x_wconf 73' lang='lat' dir='ltr'>ClausuS,</span> <span class='ocrx_word' id='word_1_238' title='bbox 474 3381 635 3462; x_wconf 87' lang='lat' dir='ltr'>magnique</span> <span class='ocrx_word' id='word_1_239' title='bbox 650 3381 713 3461; x_wconf 89' lang='lat' dir='ltr'>ipse</span> <span class='ocrx_word' id='word_1_240' title='bbox 731 3378 857 3461; x_wconf 88' lang='lat' dir='ltr'>agminis</span> <span class='ocrx_word' id='word_1_241' title='bbox 871 3377 977 3457; x_wconf 90' lang='lat' dir='ltr'>instar,</span> 
     </span>
     <span class='ocr_line' id='line_1_37' title="bbox 77 3461 885 3547; baseline 0 -24"><span class='ocrx_word' id='word_1_242' title='bbox 77 3461 204 3525; x_wconf 84' lang='lat' dir='ltr'>Claudia</span> <span class='ocrx_word' id='word_1_243' title='bbox 218 3485 296 3527; x_wconf 88' lang='lat' dir='ltr'>nunc</span> <span class='ocrx_word' id='word_1_244' title='bbox 313 3487 331 3528; x_wconf 91' lang='lat' dir='ltr'>a</span> <span class='ocrx_word' id='word_1_245' title='bbox 346 3487 404 3547; x_wconf 91' lang='lat' dir='ltr'>quo</span> <span class='ocrx_word' id='word_1_246' title='bbox 419 3465 593 3527; x_wconf 88' lang='lat' dir='ltr'>diffunditur</span> <span class='ocrx_word' id='word_1_247' title='bbox 609 3471 640 3527; x_wconf 90' lang='lat' dir='ltr'>et</span> <span class='ocrx_word' id='word_1_248' title='bbox 654 3465 749 3526; x_wconf 88' lang='lat' dir='ltr'>tribus</span> <span class='ocrx_word' id='word_1_249' title='bbox 765 3471 796 3525; x_wconf 90' lang='lat' dir='ltr'>et</span> <span class='ocrx_word' id='word_1_250' title='bbox 811 3483 885 3544; x_wconf 88' lang='lat' dir='ltr'>gens</span> 
     </span>
     <span class='ocr_line' id='line_1_38' title="bbox 76 3545 974 3632; baseline -0.001 -23"><span class='ocrx_word' id='word_1_251' title='bbox 76 3546 138 3610; x_wconf 90' lang='lat' dir='ltr'>Per</span> <span class='ocrx_word' id='word_1_252' title='bbox 153 3548 282 3628; x_wconf 90' lang='lat' dir='ltr'>Latium,</span> <span class='ocrx_word' id='word_1_253' title='bbox 297 3557 455 3632; x_wconf 90' lang='lat' dir='ltr'>postquam</span> <span class='ocrx_word' id='word_1_254' title='bbox 469 3551 500 3611; x_wconf 91' lang='lat' dir='ltr'>in</span> <span class='ocrx_word' id='word_1_255' title='bbox 516 3557 632 3632; x_wconf 90' lang='lat' dir='ltr'>partem</span> <span class='ocrx_word' id='word_1_256' title='bbox 647 3549 718 3611; x_wconf 89' lang='lat' dir='ltr'>data</span> <span class='ocrx_word' id='word_1_257' title='bbox 733 3551 829 3610; x_wconf 89' lang='lat' dir='ltr'>Roma</span> <span class='ocrx_word' id='word_1_258' title='bbox 846 3545 974 3609; x_wconf 82' lang='lat' dir='ltr'>Sabinis.</span> 
     </span>
     <span class='ocr_line' id='line_1_39' title="bbox 76 3631 885 3717; baseline -0.001 -23"><span class='ocrx_word' id='word_1_259' title='bbox 76 3631 149 3695; x_wconf 90' lang='lat' dir='ltr'>Una</span> <span class='ocrx_word' id='word_1_260' title='bbox 163 3635 268 3716; x_wconf 88' lang='lat' dir='ltr'>ingens</span> <span class='ocrx_word' id='word_1_261' title='bbox 283 3634 443 3697; x_wconf 88' lang='lat' dir='ltr'>Amiterna</span> <span class='ocrx_word' id='word_1_262' title='bbox 457 3637 561 3697; x_wconf 88' lang='lat' dir='ltr'>cohors</span> <span class='ocrx_word' id='word_1_263' title='bbox 576 3635 725 3717; x_wconf 91' lang='lat' dir='ltr'>priscique</span> <span class='ocrx_word' id='word_1_264' title='bbox 742 3633 885 3711; x_wconf 81' lang='lat' dir='ltr'>Quirites,</span> 
     </span>
     <span class='ocr_line' id='line_1_40' title="bbox 76 3718 826 3802; baseline -0.001 -23"><span class='ocrx_word' id='word_1_265' title='bbox 76 3718 163 3780; x_wconf 86' lang='lat' dir='ltr'>Ereti</span> <span class='ocrx_word' id='word_1_266' title='bbox 178 3741 282 3782; x_wconf 88' lang='lat' dir='ltr'>manus</span> <span class='ocrx_word' id='word_1_267' title='bbox 298 3721 402 3797; x_wconf 90' lang='lat' dir='ltr'>omnis,</span> <span class='ocrx_word' id='word_1_268' title='bbox 418 3721 628 3802; x_wconf 86' lang='lat' dir='ltr'>oliviferaeque</span> <span class='ocrx_word' id='word_1_269' title='bbox 643 3719 803 3780; x_wconf 90' lang='lat' dir='ltr'>Mutuscae</span> <span class='ocrx_word' id='word_1_270' title='bbox 818 3737 826 3791; x_wconf 93' lang='lat'>;</span> 
     </span>
    </p>

    <p class='ocr_par' dir='ltr' id='par_1_11' title="bbox 76 3801 861 3889">
     <span class='ocr_line' id='line_1_41' title="bbox 76 3801 861 3889; baseline -0.006 -21"><span class='ocrx_word' id='word_1_271' title='bbox 76 3803 136 3876; x_wconf 80' lang='lat' dir='ltr'>Qui</span> <span class='ocrx_word' id='word_1_272' title='bbox 151 3805 335 3868; x_wconf 89' lang='lat' dir='ltr'>Nomentum</span> <span class='ocrx_word' id='word_1_273' title='bbox 348 3806 465 3885; x_wconf 92' lang='lat' dir='ltr'>urbem,</span> <span class='ocrx_word' id='word_1_274' title='bbox 480 3807 531 3889; x_wconf 94' lang='lat' dir='ltr'>qui</span> <span class='ocrx_word' id='word_1_275' title='bbox 546 3806 646 3868; x_wconf 90' lang='lat' dir='ltr'>Rosea</span> <span class='ocrx_word' id='word_1_276' title='bbox 659 3823 732 3866; x_wconf 89' lang='lat' dir='ltr'>rura</span> <span class='ocrx_word' id='word_1_277' title='bbox 747 3801 861 3880; x_wconf 92' lang='lat' dir='ltr'>Velini,</span> 
     </span>
    </p>
   </div>
   <div class='ocr_carea' id='block_1_3' title="bbox 0 0 1252 4334">
    <p class='ocr_par' dir='ltr' id='par_1_12' title="bbox 0 0 1252 4334">
     <span class='ocr_line' id='line_1_42' title="bbox 0 0 1252 4334; baseline 0 3"><span class='ocrx_word' id='word_1_278' title='bbox 0 0 1252 4334; x_wconf 95' lang='lat' dir='ltr'> </span> 
     </span>
    </p>
   </div>
  </div>
 </body>
</html>
