2496 4334
456 249 615 297 susumus
637 251 702 297 LIB.
726 251 758 296 V.

83 402 296 488 Consequitur,
310 404 415 468 mehor
429 404 538 467 remis:
563 403 617 467 sed
631 403 762 487 pondere
777 403 865 486 pinus

40 484 44 489 ’
81 489 183 553 Tarda
198 496 290 552 tenet.
336 491 409 553 Post
422 490 476 551 hos
491 510 586 572 aequo
602 489 771 551 discrimine
786 489 893 550 Pristis

83 573 312 657 Centaurusque
327 576 426 638 locum
440 575 568 636 tendunt
582 595 724 657 superare
740 575 867 656 priorem
881 593 889 648 ;

82 656 125 720 Et
139 681 218 722 nunc
234 660 340 723 Pristis
354 662 456 738 habet,
471 680 550 722 nunc
566 660 675 722 victam
690 659 835 741 praeterit
849 660 955 741 ingens

83 741 253 807 Centaurus
266 765 275 821 3
297 767 376 808 nunc
392 767 452 807 una
467 746 571 807 ambae
581 745 754 827 junctisque
770 745 907 806 feruutur

80 827 241 892 Frontibus
257 836 288 892 et
301 832 391 912 longa
405 831 522 893 sulcant
536 830 614 892 vada
628 831 707 892 salsa
722 830 834 891 carina.

80 912 211 996 Jamque
226 915 463 998 propinquabant
478 916 609 996 scopulo,
624 921 793 996 metamque
809 914 962 993 tenebant,

82 996 182 1070 Quum
196 1001 334 1083 princeps
348 1000 504 1082 medioque
522 999 605 1083 Gyas
620 1000 652 1060 iu
667 1000 785 1081 gurgite
807 1000 903 1062 victor

80 1082 242 1146 Rectorem
257 1086 340 1147 navis
357 1086 515 1168 compellat
529 1106 601 1147 voce
617 1084 799 1146 Menoeten:

81 1166 147 1240 Quo
161 1175 279 1231 tantum
293 1171 363 1232 mihi
378 1171 484 1232 dexter
499 1168 587 1232 abis?
610 1170 669 1232 huc
685 1169 779 1251 dirige
796 1189 932 1251 gressum
945 1190 953 1247 ;

80 1251 166 1316 Litus
182 1275 259 1333 ama,
276 1261 307 1317 et
321 1256 421 1318 laevas
436 1255 565 1336 stringat
579 1255 641 1316 sine
657 1255 788 1338 palmula
802 1262 928 1331 cautes3

79 1337 187 1401 Altum
202 1340 251 1401 alii
265 1346 397 1403 teneant.
444 1340 528 1402 Dixit
541 1360 549 1415 ;
572 1340 626 1402 sed
641 1360 733 1402 caeca
748 1339 904 1402 Menoetes

82 1420 162 1485 Saxa
177 1425 294 1504 timeus,
310 1445 428 1508 proram
443 1425 543 1507 pelagi
558 1425 718 1506 detorquet
733 1425 772 1486 ad
786 1425 892 1487 undas.

81 1505 146 1580 Quo
162 1509 297 1573 diversus
312 1508 401 1572 abis?
422 1511 542 1588 iterum,
558 1509 634 1571 Pete
650 1531 733 1588 saxa,
748 1510 902 1590 Meuoete,

82 1592 158 1655 (lum
173 1595 301 1657 clamore
317 1594 401 1678 Gyas
416 1596 578 1657 revocabat
591 1615 599 1670 ;
623 1600 654 1656 et
669 1615 740 1658 ecce
757 1595 935 1658 Cloanthum

80 1677 216 1762 Respicit
228 1681 389 1742 instantem
405 1686 501 1762 tergo,
518 1686 550 1742 et
564 1680 702 1763 propiora
717 1686 879 1742 tenentem.

79 1761 136 1825 Ille
151 1764 231 1826 inter
243 1786 410 1847 navemque
425 1764 511 1848 Gyae
527 1766 721 1847 scopulosque
737 1773 876 1829 sonantes

79 1847 173 1910 Radit
186 1849 245 1911 iter
257 1851 377 1912 laevum
389 1850 523 1929 interior,
539 1851 695 1932 subitoque
711 1851 838 1933 priorem

78 1930 240 2013 Praeterit,
256 1942 287 1997 et
301 1936 388 1997 metis
404 1942 487 1997 tenet
501 1956 632 2017 aequora
646 1942 712 1998 tuta
727 1937 847 1999 relictis.

78 2017 156 2080 Tum
171 2040 242 2081 vero
257 2020 369 2082 exemit
378 2020 483 2102 juveni
498 2020 580 2082 dolor
594 2021 708 2082 ossibus
722 2021 850 2102 ingeus3

78 2101 146 2165 Nec
160 2105 299 2186 lacrymis
314 2125 438 2167 caruere
454 2126 549 2187 genae
563 2125 571 2180 ;
595 2126 777 2187 segnemque
792 2106 966 2187 Menoeten,

79 2186 198 2251 Oblitus
213 2189 386 2272 decorisque
401 2191 446 2252 sui
462 2191 632 2272 sociumque
648 2191 762 2269 salutis,

76 2272 116 2335 In
130 2295 212 2336 mare
226 2275 420 2356 praecipitem
435 2276 526 2358 puppi
541 2275 681 2338 deturbat
696 2277 732 2338 ab
748 2276 809 2338 alta
821 2297 830 2354 3

77 2358 148 2440 Ipse
164 2359 344 2441 gubernaclo
359 2367 457 2422 rector
472 2361 561 2438 subit,
576 2361 639 2443 ipse
654 2361 807 2442 magister,

76 2442 285 2526 Hortaturque
301 2445 390 2522 virae,
406 2447 582 2527 clavumque
599 2445 637 2507 ad
649 2446 737 2507 litora
752 2453 883 2528 torquet.

76 2528 123 2590 At
138 2530 246 2611 gravis,
262 2536 296 2592 ut
310 2530 402 2592 fundo
417 2531 466 2592 vix
481 2531 603 2592 tandem
617 2531 752 2592 redditus
770 2531 827 2593 imo
843 2538 900 2611 est,
918 2585 920 2593 .

76 2614 98 2677 J
100 2634 148 2675 am
164 2615 272 2692 senior,
287 2615 465 2697 madidaque
481 2617 575 2678 fluens
590 2616 621 2677 in
635 2622 730 2694 veste,
745 2615 913 2695 Menoetes,

79 2697 202 2761 Summa
216 2700 292 2783 petit
306 2701 430 2782 scopuli,
446 2701 584 2782 siccaque
599 2701 631 2762 in
645 2722 719 2783 rupe
735 2701 856 2764 resedit.

76 2783 168 2845 Illum
182 2790 213 2846 et
226 2784 375 2847 labentem
389 2786 509 2865 Teucri,
526 2793 557 2848 et
570 2786 662 2847 risere
678 2793 842 2865 natantem,

77 2868 119 2930 Et
134 2870 225 2932 salsos
240 2869 339 2931 rident
353 2877 555 2933 revomentem
568 2877 689 2953 pectore
704 2872 826 2933 fluctus*

77 2953 138 3016 Hic
155 2954 235 3016 laeta
249 2955 388 3017 extremis
403 2976 471 3037 spes
486 2962 532 3019 est
547 2976 674 3018 accensa
688 2957 813 3035 duobus,

80 3036 221 3120 Sergesto
236 3039 459 3123 Mnestheique,
476 3039 565 3124 Gyan
580 3061 721 3122 superare
735 3047 910 3104 morantem.

79 3121 238 3204 Sergestus
254 3125 334 3207 capit
350 3132 419 3186 ante
434 3127 543 3204 locum,
559 3127 738 3208 scopuloque
754 3127 953 3210 propinquat:

77 3206 145 3270 Nec
161 3215 224 3271 tota
239 3215 339 3272 tamen
353 3210 402 3271 ille
418 3210 498 3292 prior
512 3217 675 3293 praeeunte
691 3212 814 3287 carina;

77 3292 169 3355 Parte
185 3294 275 3376 prior,
290 3301 406 3376 partem
421 3301 518 3358 rostro
533 3296 641 3378 premit
656 3298 772 3358 aemula
787 3297 904 3360 Pristis.

76 3378 122 3439 At
136 3378 235 3440 media
250 3381 342 3441 socios
357 3381 499 3442 incedens
514 3402 590 3443 nare
606 3403 661 3464 per
675 3383 753 3463 ipsos

77 3462 226 3526 Hortatur
241 3463 438 3527 Mnestheus:
463 3464 565 3544 Nunc,
581 3487 672 3544 nunc,
687 3467 832 3548 insurgite
847 3467 947 3546 remis,

77 3548 222 3610 Hectorei
237 3549 318 3627 socii,
334 3550 440 3632 Trojae
457 3571 530 3632 qnos
545 3557 623 3613 sorte
639 3572 778 3634 suprema
1069 3570 1113 3617 190

76 3633 186 3715 Delegi
201 3635 323 3696 comites
337 3655 344 3709 ;
367 3656 445 3697 nunc
461 3636 526 3697 illas
541 3636 666 3718 promite
682 3637 771 3714 vires,

75 3717 108 3780 N
109 3739 166 3781 unc
182 3719 305 3797 animos,
321 3720 427 3866 quibus
442 3721 472 3782 in
488 3720 623 3783 Gaetulis
638 3721 769 3804 syrtibus
783 3721 840 3799 usi,
