2496 4334
134 269 197 333 242
473 289 502 334 Ρ.
526 288 668 334 vineam
690 287 835 334 nunonis

135 439 200 504 Ceu
214 447 330 525 septem
345 461 471 524 surgens
486 440 597 504 sedatis
612 441 747 504 amnibus
764 442 841 504 altus

133 526 195 588 Per
209 528 333 590 tacitum
347 526 480 609 Ganges,
496 533 549 589 aut
563 528 667 610 pingui
687 527 808 589 flumine
826 527 915 589 Nilus

134 611 234 684 Quum
249 612 347 675 refluit
362 613 473 695 campis
489 613 543 695 etj
608 634 640 675 se
656 613 789 675 condidit
804 614 899 675 alveo,

26 738 30 745 ·
133 696 193 759 Hic
209 698 337 761 subitam
352 698 437 780 nigro
449 697 606 779 glomerari
618 699 740 781 pulvere
752 698 862 759 nubem

133 781 324 865 Prospiciunt
338 782 459 861 Teucri,
474 802 509 844 ac
525 783 664 844 tenebras
681 783 839 864 insurgere
855 781 977 865 eampis.

133 866 252 930 Primus
267 868 304 931 ab
320 868 447 930 adversa
461 869 627 930 conclamat
640 868 716 930 mole
733 866 859 930 Caicus:

134 950 208 1025 Quis
223 954 338 1035 globus,
353 974 371 1015 ο
386 953 478 1030 cives,
493 952 620 1034 caligine
636 954 764 1015 volvitur
780 952 870 1015 atra?

132 1037 224 1100 Ferte
239 1039 291 1100 citi
304 1038 429 1116 ferrum,
442 1037 511 1099 date
527 1039 598 1115 tela,
614 1039 767 1100 ascendite
782 1059 900 1100 muros:

69 1191 70 1196 ἵ
133 1121 238 1185 Hostis
261 1124 357 1201 adest,
370 1122 437 1186 eia!
482 1121 605 1203 Ingenti
620 1123 748 1184 elamore
763 1144 818 1205 per
832 1143 934 1185 omnes

134 1205 275 1270 Condunt
290 1229 322 1270 se
337 1207 446 1270 Teucri
461 1215 573 1289 portas,
589 1213 620 1270 et
635 1208 752 1270 moenia
766 1209 924 1290 complent.

133 1291 273 1375 Namque
288 1293 332 1355 ita
347 1292 503 1355 discedens
518 1300 714 1376 praeceperat
729 1293 857 1375 optimus
879 1293 968 1356 annis

131 1376 266 1456 Aeneas,
281 1377 306 1440 si
321 1399 381 1460 qua
394 1379 511 1440 interea
525 1378 645 1441 fortuna
659 1379 774 1457 fuisset,
797 1412 806 1433 ·

132 1462 204 1525 Neu
218 1469 334 1525 struere
350 1463 497 1526 auderent
511 1463 616 1541 aciem,
631 1485 691 1526 neu
706 1463 829 1526 eredere
840 1483 966 1546 campo;

134 1546 242 1611 Castra
255 1548 342 1611 modo
357 1554 389 1610 et
402 1554 483 1611 tutos
498 1556 653 1611 servarent
673 1569 786 1631 aggere
801 1560 912 1611 muros.

132 1632 226 1715 Ergo,
243 1634 299 1696 etsi
315 1634 449 1696 conferre
464 1655 585 1695 manum
599 1633 696 1716 pudor
709 1635 814 1717 iraque
829 1638 984 1712 monstrat,

56 1721 60 1729 '
134 1716 286 1801 Objiciunt
301 1725 402 1801 portas
416 1725 528 1797 tamen,
544 1725 575 1781 et
589 1727 752 1802 praecepta
766 1720 930 1798 facessunt,

132 1802 311 1886 Armatique
327 1804 407 1867 cavis
423 1810 599 1887 exspectant
612 1806 744 1867 turribus
758 1806 884 1867 hostem.

132 1889 261 1968 Turnus,
277 1895 313 1950 ut
326 1896 395 1952 ante
408 1891 510 1952 volans
524 1890 645 1952 tardum
658 1896 864 1973 praecesserat
878 1908 998 1972 agmen,
1016 1925 1020 1931 ·

132 1973 250 2056 Viginti
264 1975 350 2038 lectis
365 1975 500 2057 equitum
515 1975 672 2038 comitatus
688 1982 719 2038 et
733 1976 800 2037 urbi

132 2058 315 2143 Improvisus
331 2060 434 2123 adest:
457 2061 581 2122 maculis
596 2081 686 2142 quem
700 2060 845 2122 Thracius
860 2060 934 2123 albis

132 2144 239 2207 Portat
253 2166 359 2228 equus,
375 2147 525 2227 cristaque
540 2145 617 2227 tegit
631 2146 718 2226 galea
733 2166 824 2207 aurea
838 2146 939 2208 rubra.

132 2230 245 2312 Ecquis
260 2230 328 2309 erit,
343 2251 471 2308 mecum,
481 2231 620 2312 juvenes,
633 2230 684 2311 qui
698 2231 809 2311 primus
824 2231 855 2292 in
869 2232 984 2293 hostem
1001 2272 1116 2290 .....
1134 2226 1147 2288 ’ἐ

133 2314 201 2378 En!
225 2315 286 2391 ait3
311 2321 342 2377 et
352 2316 488 2398 jaculum
502 2321 677 2396 attorquens
693 2315 801 2377 emittit
815 2316 847 2377 in
862 2337 961 2395 auras,

132 2399 316 2482 Principium
330 2421 461 2483 pugnae,
474 2406 505 2462 et
520 2421 624 2483 campo
639 2421 704 2462 sese
720 2401 832 2462 arduus
843 2401 943 2463 infert.

134 2484 268 2548 Clamore
285 2486 437 2568 excipiunt
452 2486 534 2563 socii,
545 2486 732 2568 fremituque
741 2493 907 2568 sequuntur

131 2570 296 2633 Horrisono
310 2590 318 2647 ;
341 2572 491 2633 Teucrum
505 2572 651 2633 mirantur
665 2571 773 2632 inertia
788 2571 889 2650 corda,

132 2655 204 2718 Nou
218 2677 313 2738 aequo
329 2656 401 2718 dare
417 2678 449 2719 se
465 2677 581 2739 eampo,
595 2677 655 2718 non
670 2656 756 2718 obvia
770 2656 849 2717 ferre

131 2740 228 2803 Arma
241 2742 331 2820 viros,
347 2742 400 2803 sed
415 2749 514 2804 castra
528 2743 640 2804 fovere.
685 2741 756 2803 Huc
772 2741 909 2803 turbidus
926 2747 1016 2825 atque
1031 2743 1090 2804 huc

131 2824 255 2888 Lustrat
271 2847 347 2909 equo
361 2848 472 2905 muros,
488 2827 661 2908 aditumque
677 2847 731 2909 per
746 2826 813 2888 avia
827 2827 955 2909 quaerit.
1152 2828 1156 2836 '

131 2909 180 2973 Ac
196 2911 289 2973 veluti
303 2913 390 2994 pleno
405 2913 493 2994 lupus
507 2911 663 2973 insidiatus
678 2911 747 2973 ovili

132 2995 232 3070 Quum
246 2997 346 3058 fremit
361 2996 399 3058 ad
415 2998 526 3076 caulas,
542 3004 645 3058 ventos
660 3017 818 3079 perpessus
834 3003 865 3059 et
879 2997 999 3076 imbres,
1139 3019 1172 3068 60

131 3080 230 3144 Nocte
246 3103 337 3164 super
350 3082 449 3145 media
462 3103 470 3158 ;
494 3083 550 3144 tuti
566 3083 621 3144 sub
636 3082 779 3144 matribus
795 3083 865 3164 agni

132 3166 274 3228 Balatum
289 3174 450 3243 exercent3
473 3169 523 3230 illc
539 3189 628 3250 asper
643 3173 674 3229 et
688 3167 837 3249 improbus
852 3168 899 3230 ira

134 3249 238 3313 Saevit
252 3251 284 3312 in
299 3252 435 3313 absentes
450 3272 457 3327 3
489 3254 614 3315 collecta
629 3253 736 3334 fatigat
751 3252 860 3314 edendi

132 3336 180 3398 Ex
194 3337 283 3418 longo
297 3336 405 3414 rabies,
422 3344 453 3399 et
468 3338 565 3399 siccae
580 3338 724 3418 sanguine
739 3338 862 3399 fauces:

131 3421 225 3485 Haud
241 3422 328 3484 aliter
342 3421 455 3484 Rutulo
470 3443 570 3484 muros
586 3430 617 3485 et
632 3429 731 3484 castra
747 3422 844 3485 tuenti

131 3507 298 3590 Igneseunt
312 3507 374 3569 irae
389 3526 396 3582 ;
420 3507 502 3570 duris
518 3508 600 3570 dolor
615 3508 728 3570 ossibus
744 3508 842 3586 ardet,

132 3591 200 3666 Qua
215 3598 311 3654 tentet
326 3593 440 3655 ratione
456 3593 567 3672 aditus,
583 3598 614 3655 et
629 3613 706 3675 quae
723 3593 771 3654 ria
785 3593 901 3656 clausos

132 3677 275 3740 Excutiat
289 3677 420 3740 Teucros
435 3680 512 3741 vallo
528 3685 618 3760 atque
635 3679 769 3740 effundat
782 3679 814 3740 in
829 3699 969 3761 aequum.

133 3761 276 3842 Classem,
292 3783 370 3845 quae
384 3764 472 3826 lateri
487 3770 652 3826 cast-rorum
668 3763 811 3846 adjuncta
825 3765 949 3844 latebat,
