2496 4334
131 270 194 335 166
464 287 495 334 r.
520 286 661 333 v1ac1n11
682 285 827 333 1111111111

131 441 192 505 Η11
207 441 311 520 Nisus,
328 439 361 503 Si
376 446 471 519 tanta,
487 440 593 524 inquit,
609 447 679 504 sunt
693 441 826 523 praemia
840 441 937 524 victis,

132 527 174 590 Et
187 533 218 589 te
234 527 385 608 lapsorum
399 527 538 589 miseret:
563 548 639 609 quae
654 547 780 589 munera
795 527 870 591 Niso

131 612 233 694 Digna
248 612 342 691 dabis,
358 613 483 695 primam
497 613 592 674 merui
607 613 659 694 qui
669 613 758 675 laude
775 633 924 693 coronam,

131 698 174 760 Ni
188 718 247 775 me,
263 718 340 778 quae
358 696 481 775 Sahum,
496 697 616 760 fortuna
629 697 749 760 inimica
763 697 904 760 tulisset?

131 783 173 845 Et
187 783 274 844 simul
287 782 333 845 his
348 782 435 844 dictis
450 783 558 845 faciem
573 784 753 862 ostentabat,
770 789 801 845 et
815 784 875 846 udo

130 868 243 950 Pmpia
256 868 389 930 membra
403 869 482 929 fimo.
527 868 607 930 Risit
621 875 707 950 pater
722 869 849 951 optimus
864 869 925 948 olli,

130 953 173 1015 Et
187 955 326 1036 clypeum
341 953 440 1015 efferri
449 953 551 1036 jussit,
566 952 761 1037 Didymaonis
777 961 868 1034 artes,

130 1037 266 1120 Neptuni
280 1058 364 1100 sacro
380 1038 493 1101 Danais
508 1037 545 1100 de
561 1046 644 1121 poste
659 1039 794 1100 refixum.

129 1123 198 1185 Iioc
209 1125 351 1206 juvenem
368 1124 522 1206 egregium
538 1124 702 1206 praestanti
715 1145 839 1186 munere
855 1123 956 1187 donat.

172 1209 256 1287 Post,
272 1209 322 1270 ubi
338 1209 466 1271 confecti
482 1229 597 1287 cursus,
613 1216 644 1272 et
658 1209 736 1271 dona
750 1210 887 1292 peregit:

129 1292 162 1355 N
162 1315 233 1371 unc,
249 1294 274 1356 si
289 1295 337 1356 cui
352 1295 446 1357 virtus
461 1294 636 1377 animusque
652 1293 683 1355 in
697 1301 818 1376 pectore
833 1315 986 1378 praesens

130 1378 222 1441 Adsit
237 1385 268 1441 et
283 1380 407 1442 evinctis
422 1380 538 1441 attollat
552 1379 673 1441 brachia
687 1380 801 1461 palmis.

133 1461 183 1526 Sic
199 1465 251 1542 ait,
267 1471 299 1526 et
313 1465 464 1547 geminum
478 1485 596 1548 pugnae
611 1465 748 1548 proponit
761 1465 920 1529 honorem:

129 1548 247 1613 Victori
262 1550 393 1612 velatum
408 1570 480 1612 auro
490 1550 635 1632 vittisque
646 1551 829 1634 juvencum

130 1633 241 1697 Ensem
256 1641 346 1718 atque
360 1635 508 1717 insignem
522 1635 639 1718 galeam
653 1635 758 1698 solatia
774 1636 862 1698 victo.

129 1718 162 1781 N
163 1741 197 1782 eo
213 1741 314 1797 mora;
336 1720 476 1783 continuo
490 1721 582 1783 vastis
597 1741 666 1782 oum
679 1720 790 1783 viribus
806 1722 891 1784 effert

131 1802 195 1867 Ora
209 1805 318 1883 Dares,
332 1826 499 1888 magnoque
515 1806 612 1868 virum
626 1826 658 1868 se
672 1827 823 1868 murmure
838 1807 936 1870 tollit:

132 1888 219 1952 Solus
234 1891 285 1973 qui
299 1890 440 1953 Paridem
454 1890 556 1953 solitus
572 1890 751 1953 contendere
767 1898 882 1970 contra,

130 1974 275 2058 idemque
291 1975 330 2038 ad
343 1978 501 2054 tumulum,
516 1997 575 2058 quo
589 1976 733 2038 maximus
748 1977 875 2039 occubat
889 1975 1017 2057 Hector,

129 2059 285 2124 Victorem
298 2061 400 2124 Buten
414 2062 534 2124 immani
549 2083 683 2145 corpore,
699 2056 750 2144 qui
764 2082 796 2124 se

128 2145 280 2230 Bebrycia
294 2148 418 2210 veniens
432 2147 545 2229 Amyci
560 2147 597 2209 de
613 2153 702 2230 gente
718 2147 844 2226 ferebat,

128 2231 274 2310 Perculit,
290 2238 321 2294 11
334 2232 418 2294 fulva
431 2232 639 2294 moribundum
654 2232 789 2295 extendit
804 2253 905 2294 arena.

129 2315 208 2379 Talis
222 2317 318 2398 prima
331 2317 429 2379 Dares
445 2323 536 2400 caput
549 2318 643 2379 altum
657 2318 688 2380 in
703 2319 815 2400 proeha
829 2319 916 2397 tollit,

130 2399 328 2484 Ostenditque
343 2403 481 2466 humeros
497 2403 584 2481 latos,
599 2403 774 2485 alternaque
785 2404 884 2487 jactat

127 2485 260 2550 Brachia
274 2488 464 2570 protendens,
481 2495 512 2551 et
526 2489 667 2551 verberat
680 2488 787 2550 ictibus
806 2509 904 2550 auras.

129 2569 290 2644 Quaeritur
304 2574 372 2635 huic
388 2574 462 2636 alius
473 2596 488 2657 :¹
504 2595 560 2636 nec
577 2573 732 2656 quisquam
747 2593 785 2634 ex
800 2573 917 2654 agmine
932 2577 1016 2636 tanto

127 2658 231 2720 Audet
245 2658 328 2720 adire
343 2659 450 2737 virum,
465 2659 660 2740 manibusque
674 2658 817 2720 inducere
834 2664 962 2720 caestus.

127 2743 209 2825 Ergo
225 2743 342 2822 alacris,
359 2750 540 2826 cunctosque
555 2749 663 2826 putans
679 2743 824 2805 excedere
840 2744 948 2824 palma,

126 2828 251 2890 Aeneae
267 2829 350 2890 stetit
365 2836 435 2891 ante
451 2829 562 2910 pedes;
585 2849 641 2890 nec
657 2829 743 2910 plura
757 2834 899 2906 moratus,

127 2914 203 2975 Tum
217 2915 304 2976 laeva
317 2919 437 2976 taurum
453 2934 546 2975 cornu
561 2919 656 2990 tenet,
673 2919 764 2995 atque
779 2913 822 2974 ita
836 2913 935 2976 fatrrr:

126 2998 207 3061 Nate
224 2999 292 3078 dea,
307 2999 433 3061 sinemo
448 2997 541 3062 audet
554 3019 586 3060 se
603 2998 726 3060 credere
742 3018 872 3080 pugnae,

126 3083 211 3157 Quae
226 3085 293 3146 finis
308 3083 430 3147 standi?
454 3105 512 3167 quo
526 3105 574 3146 me
592 3083 681 3145 decet
694 3104 789 3166 usque
805 3081 925 3146 teneri?

125 3169 246 3231 Ducere
263 3169 340 3231 dona
350 3170 434 3251 jube.
481 3168 590 3233 Cuncti
605 3169 691 3230 simul
706 3189 756 3230 ore
771 3167 938 3230 fremebant

126 3254 330 3330 Dardanidae,
346 3255 492 3337 reddique
507 3255 570 3317 viro
585 3254 729 3336 promissa
737 3253 894 3336 jubebant.

126 3339 186 3401 Hic
202 3339 301 3420 gravis
317 3338 469 3401 Entellum
485 3340 571 3401 dictis
587 3340 715 3421 castigat
724 3338 866 3416 Acestes,

126 3425 283 3487 Proximus
298 3430 332 3485 ut
347 3424 494 3486 viridante
510 3431 575 3486 toro
590 3425 766 3487 consederat
780 3424 912 3486 herbae:

127 3511 257 3588 Entelle,
272 3510 397 3571 heroum
412 3510 561 3591 quondam
575 3508 732 3572 fortissime
750 3509 873 3588 frustra,

125 3597 261 3658 Tantane
276 3602 339 3657 tam
353 3595 468 3677 patiens
483 3595 564 3656 nullo
579 3595 740 3656 certamine
755 3595 819 3655 tolli

126 3681 214 3744 Dona
228 3681 306 3742 sines
320 3679 332 3742 ?
355 3680 406 3742 ubi
420 3701 499 3742 nunc
515 3680 599 3742 nobis
614 3679 688 3742 deus
702 3680 752 3740 ille
766 3679 921 3761 magister,

124 3764 339 3849 Nequidquam
353 3772 533 3828 memoratus
548 3764 633 3849 Eryx
645 3763 658 3826 ‘l
680 3764 731 3826 ubi
746 3764 827 3826 fama
840 3785 895 3848 per
910 3785 1027 3827 omnem
