<?xml version="1.0" encoding="UTF-8"?>
<!DOCTYPE html PUBLIC "-//W3C//DTD XHTML 1.0 Transitional//EN"
    "http://www.w3.org/TR/xhtml1/DTD/xhtml1-transitional.dtd">
<html xmlns="http://www.w3.org/1999/xhtml" xml:lang="en" lang="en">
 <head>
  <title>
</title>
<meta http-equiv="Content-Type" content="text/html;charset=utf-8" />
  <meta name='ocr-system' content='tesseract 3.04.00' />
  <meta name='ocr-capabilities' content='ocr_page ocr_carea ocr_par ocr_line ocrx_word'/>
</head>
<body>
  <div class='ocr_page' id='page_1' title='image "./bucolicsgeorgic00virggoog/bucolicsgeorgic00virggoog_0319.png"; bbox 0 0 2496 4334; ppageno 0'>
   <div class='ocr_carea' id='block_1_1' title="bbox 455 259 814 309">
    <p class='ocr_par' dir='ltr' id='par_1_1' title="bbox 455 259 814 309">
     <span class='ocr_line' id='line_1_1' title="bbox 455 259 814 309; baseline -0.003 -2"><span class='ocrx_word' id='word_1_1' title='bbox 455 261 484 307; x_wconf 81' lang='grc' dir='ltr'>Ρ.</span> <span class='ocrx_word' id='word_1_2' title='bbox 507 259 649 309; x_wconf 81' lang='lat' dir='ltr'>VIRGIIrII</span> <span class='ocrx_word' id='word_1_3' title='bbox 669 259 814 307; x_wconf 75' lang='lat' dir='ltr'>morus</span> 
     </span>
    </p>
   </div>
   <div class='ocr_carea' id='block_1_2' title="bbox 402 668 895 905">
    <p class='ocr_par' dir='ltr' id='par_1_2' title="bbox 402 668 895 905">
     <span class='ocr_line' id='line_1_2' title="bbox 402 668 834 741; baseline 0.002 -2"><span class='ocrx_word' id='word_1_4' title='bbox 402 668 440 739; x_wconf 92' lang='lat' dir='ltr'>A</span> <span class='ocrx_word' id='word_1_5' title='bbox 464 669 497 740; x_wconf 93' lang='lat' dir='ltr'><strong>E</strong></span> <span class='ocrx_word' id='word_1_6' title='bbox 522 669 559 741; x_wconf 92' lang='lat' dir='ltr'>N</span> <span class='ocrx_word' id='word_1_7' title='bbox 584 671 616 740; x_wconf 89' lang='lat' dir='ltr'>E</span> <span class='ocrx_word' id='word_1_8' title='bbox 642 670 662 739; x_wconf 95' lang='grc' dir='ltr'>Ι</span> <span class='ocrx_word' id='word_1_9' title='bbox 688 670 723 740; x_wconf 93' lang='lat' dir='ltr'>D</span> <span class='ocrx_word' id='word_1_10' title='bbox 749 669 782 739; x_wconf 95' lang='lat' dir='ltr'>O</span> <span class='ocrx_word' id='word_1_11' title='bbox 809 669 834 740; x_wconf 89' lang='lat' dir='ltr'>S</span> 
     </span>
     <span class='ocr_line' id='line_1_3' title="bbox 426 824 895 905; baseline -0.002 -2"><span class='ocrx_word' id='word_1_12' title='bbox 426 850 538 905; x_wconf 80' lang='lat' dir='ltr'>urana</span> <span class='ocrx_word' id='word_1_13' title='bbox 554 849 806 905; x_wconf 80' lang='lat' dir='ltr'>nuonsoruus</span> <span class='ocrx_word' id='word_1_14' title='bbox 892 824 895 829; x_wconf 77' lang='grc'><strong>’</strong></span> 
     </span>
    </p>
   </div>
   <div class='ocr_carea' id='block_1_3' title="bbox 95 1005 1142 3815">
    <p class='ocr_par' dir='ltr' id='par_1_3' title="bbox 96 1005 825 1071">
     <span class='ocr_line' id='line_1_4' title="bbox 96 1005 825 1071; baseline -0.001 -2"><span class='ocrx_word' id='word_1_15' title='bbox 96 1007 226 1071; x_wconf 72' lang='lat' dir='ltr'>sununs</span> <span class='ocrx_word' id='word_1_16' title='bbox 241 1014 276 1071; x_wconf 90' lang='lat' dir='ltr'>ut</span> <span class='ocrx_word' id='word_1_17' title='bbox 290 1007 432 1070; x_wconf 81' lang='lat' dir='ltr'><strong>infractos</strong></span> <span class='ocrx_word' id='word_1_18' title='bbox 447 1006 573 1070; x_wconf 85' lang='lat' dir='ltr'>adverso</span> <span class='ocrx_word' id='word_1_19' title='bbox 587 1005 688 1069; x_wconf 88' lang='lat' dir='ltr'>Marte</span> <span class='ocrx_word' id='word_1_20' title='bbox 703 1005 825 1069; x_wconf 90' lang='lat' dir='ltr'>Latinos</span> 
     </span>
    </p>

    <p class='ocr_par' dir='ltr' id='par_1_4' title="bbox 95 1092 821 1174">
     <span class='ocr_line' id='line_1_5' title="bbox 95 1092 821 1174; baseline -0.003 -18"><span class='ocrx_word' id='word_1_21' title='bbox 95 1092 251 1156; x_wconf 86' lang='lat' dir='ltr'>Defecisse</span> <span class='ocrx_word' id='word_1_22' title='bbox 266 1093 359 1171; x_wconf 86' lang='lat' dir='ltr'>videt,</span> <span class='ocrx_word' id='word_1_23' title='bbox 375 1113 430 1156; x_wconf 90' lang='lat' dir='ltr'>sua</span> <span class='ocrx_word' id='word_1_24' title='bbox 443 1112 523 1154; x_wconf 90' lang='lat' dir='ltr'>nunc</span> <span class='ocrx_word' id='word_1_25' title='bbox 538 1092 681 1174; x_wconf 89' lang='lat' dir='ltr'>promissa</span> <span class='ocrx_word' id='word_1_26' title='bbox 690 1092 821 1174; x_wconf 88' lang='lat' dir='ltr'>reposci,</span> 
     </span>
    </p>

    <p class='ocr_par' dir='ltr' id='par_1_5' title="bbox 98 1175 795 1259">
     <span class='ocr_line' id='line_1_6' title="bbox 98 1175 795 1259; baseline -0.003 -19"><span class='ocrx_word' id='word_1_27' title='bbox 98 1175 138 1240; x_wconf 90' lang='lat' dir='ltr'>Se</span> <span class='ocrx_word' id='word_1_28' title='bbox 154 1178 265 1259; x_wconf 86' lang='lat' dir='ltr'>signari</span> <span class='ocrx_word' id='word_1_29' title='bbox 280 1178 384 1256; x_wconf 89' lang='lat' dir='ltr'>oculis,</span> <span class='ocrx_word' id='word_1_30' title='bbox 398 1178 476 1239; x_wconf 91' lang='lat' dir='ltr'>ultro</span> <span class='ocrx_word' id='word_1_31' title='bbox 490 1177 683 1259; x_wconf 74' lang='lat' dir='ltr'>implacabilis</span> <span class='ocrx_word' id='word_1_32' title='bbox 698 1177 795 1254; x_wconf 85' lang='lat' dir='ltr'>ardet,</span> 
     </span>
    </p>

    <p class='ocr_par' dir='ltr' id='par_1_6' title="bbox 96 1259 887 1346">
     <span class='ocr_line' id='line_1_7' title="bbox 96 1259 887 1346; baseline 0 -22"><span class='ocrx_word' id='word_1_33' title='bbox 96 1261 276 1346; x_wconf 86' lang='lat' dir='ltr'>Attollitque</span> <span class='ocrx_word' id='word_1_34' title='bbox 292 1263 413 1326; x_wconf 87' lang='lat' dir='ltr'>animos.</span> <span class='ocrx_word' id='word_1_35' title='bbox 459 1261 627 1324; x_wconf 92' lang='lat' dir='ltr'>Poenorum</span> <span class='ocrx_word' id='word_1_36' title='bbox 642 1262 737 1343; x_wconf 88' lang='lat' dir='ltr'>qualis</span> <span class='ocrx_word' id='word_1_37' title='bbox 751 1261 782 1322; x_wconf 92' lang='lat' dir='ltr'>in</span> <span class='ocrx_word' id='word_1_38' title='bbox 797 1259 887 1339; x_wconf 89' lang='lat' dir='ltr'>arvis,</span> 
     </span>
    </p>

    <p class='ocr_par' dir='ltr' id='par_1_7' title="bbox 97 1345 1134 1514">
     <span class='ocr_line' id='line_1_8' title="bbox 99 1345 1134 1430; baseline 0.005 -21"><span class='ocrx_word' id='word_1_39' title='bbox 99 1345 225 1411; x_wconf 79' lang='lat' dir='ltr'>Saucius</span> <span class='ocrx_word' id='word_1_40' title='bbox 239 1348 288 1410; x_wconf 92' lang='lat' dir='ltr'>ille</span> <span class='ocrx_word' id='word_1_41' title='bbox 304 1347 390 1430; x_wconf 89' lang='lat' dir='ltr'>gravi</span> <span class='ocrx_word' id='word_1_42' title='bbox 403 1353 566 1409; x_wconf 90' lang='lat' dir='ltr'>venantum</span> <span class='ocrx_word' id='word_1_43' title='bbox 580 1349 704 1410; x_wconf 89' lang='lat' dir='ltr'>vulnere</span> <span class='ocrx_word' id='word_1_44' title='bbox 719 1353 835 1429; x_wconf 86' lang='lat' dir='ltr'>pectus,</span> <span class='ocrx_word' id='word_1_45' title='bbox 1117 1364 1134 1414; x_wconf 78' lang='lat'><strong>5</strong></span> 
     </span>
     <span class='ocr_line' id='line_1_9' title="bbox 97 1432 942 1514; baseline 0 -20"><span class='ocrx_word' id='word_1_46' title='bbox 97 1432 173 1494; x_wconf 80' lang='lat' dir='ltr'>Tum</span> <span class='ocrx_word' id='word_1_47' title='bbox 188 1433 308 1495; x_wconf 93' lang='lat' dir='ltr'>demum</span> <span class='ocrx_word' id='word_1_48' title='bbox 322 1440 421 1496; x_wconf 89' lang='lat' dir='ltr'>movet</span> <span class='ocrx_word' id='word_1_49' title='bbox 436 1453 518 1495; x_wconf 86' lang='lat' dir='ltr'>arma</span> <span class='ocrx_word' id='word_1_50' title='bbox 531 1434 589 1510; x_wconf 95' lang='lat' dir='ltr'>leo,</span> <span class='ocrx_word' id='word_1_51' title='bbox 604 1432 776 1514; x_wconf 83' lang='lat' dir='ltr'>gaudetque</span> <span class='ocrx_word' id='word_1_52' title='bbox 791 1435 942 1495; x_wconf 80' lang='lat' dir='ltr'>comantes</span> 
     </span>
    </p>

    <p class='ocr_par' dir='ltr' id='par_1_8' title="bbox 97 1516 802 1600">
     <span class='ocr_line' id='line_1_10' title="bbox 97 1516 802 1600; baseline 0.003 -22"><span class='ocrx_word' id='word_1_53' title='bbox 97 1516 262 1580; x_wconf 81' lang='lat' dir='ltr'>Excutiens</span> <span class='ocrx_word' id='word_1_54' title='bbox 277 1518 394 1580; x_wconf 84' lang='lat' dir='ltr'>cervice</span> <span class='ocrx_word' id='word_1_55' title='bbox 408 1525 500 1597; x_wconf 90' lang='lat' dir='ltr'>toros,</span> <span class='ocrx_word' id='word_1_56' title='bbox 514 1518 665 1600; x_wconf 93' lang='lat' dir='ltr'>fixumque</span> <span class='ocrx_word' id='word_1_57' title='bbox 679 1517 802 1580; x_wconf 90' lang='lat' dir='ltr'>latronis</span> 
     </span>
    </p>

    <p class='ocr_par' dir='ltr' id='par_1_9' title="bbox 97 1601 898 1684">
     <span class='ocr_line' id='line_1_11' title="bbox 97 1601 898 1684; baseline 0 -21"><span class='ocrx_word' id='word_1_58' title='bbox 97 1601 270 1684; x_wconf 89' lang='lat' dir='ltr'>Impavidus</span> <span class='ocrx_word' id='word_1_59' title='bbox 284 1603 397 1684; x_wconf 88' lang='lat' dir='ltr'>frangit</span> <span class='ocrx_word' id='word_1_60' title='bbox 411 1604 562 1681; x_wconf 91' lang='lat' dir='ltr'>telum,et</span> <span class='ocrx_word' id='word_1_61' title='bbox 548 1602 676 1666; x_wconf 85' lang='lat' dir='ltr'>tfremit</span> <span class='ocrx_word' id='word_1_62' title='bbox 689 1623 740 1664; x_wconf 91' lang='lat' dir='ltr'>ore</span> <span class='ocrx_word' id='word_1_63' title='bbox 756 1607 898 1664; x_wconf 90' lang='lat' dir='ltr'>cruento:</span> 
     </span>
    </p>

    <p class='ocr_par' dir='ltr' id='par_1_10' title="bbox 97 1685 825 1770">
     <span class='ocr_line' id='line_1_12' title="bbox 97 1685 825 1770; baseline 0.001 -22"><span class='ocrx_word' id='word_1_64' title='bbox 97 1685 192 1748; x_wconf 89' lang='lat' dir='ltr'>Haud</span> <span class='ocrx_word' id='word_1_65' title='bbox 206 1707 293 1750; x_wconf 90' lang='lat' dir='ltr'>secus</span> <span class='ocrx_word' id='word_1_66' title='bbox 308 1707 433 1750; x_wconf 88' lang='lat' dir='ltr'>accenso</span> <span class='ocrx_word' id='word_1_67' title='bbox 449 1688 547 1770; x_wconf 87' lang='lat' dir='ltr'>gliscit</span> <span class='ocrx_word' id='word_1_68' title='bbox 534 1687 701 1751; x_wconf 82' lang='lat' dir='ltr'>triolentia</span> <span class='ocrx_word' id='word_1_69' title='bbox 715 1686 825 1749; x_wconf 77' lang='lat' dir='ltr'>Turno.</span> 
     </span>
    </p>

    <p class='ocr_par' dir='ltr' id='par_1_11' title="bbox 97 1771 1133 1940">
     <span class='ocr_line' id='line_1_13' title="bbox 97 1771 1133 1855; baseline 0.004 -21"><span class='ocrx_word' id='word_1_70' title='bbox 97 1771 174 1834; x_wconf 76' lang='lat' dir='ltr'>[lum</span> <span class='ocrx_word' id='word_1_71' title='bbox 190 1773 232 1835; x_wconf 88' lang='lat' dir='ltr'>sio</span> <span class='ocrx_word' id='word_1_72' title='bbox 248 1773 356 1834; x_wconf 87' lang='lat' dir='ltr'>affatur</span> <span class='ocrx_word' id='word_1_73' title='bbox 369 1793 484 1854; x_wconf 87' lang='lat' dir='ltr'>regem,</span> <span class='ocrx_word' id='word_1_74' title='bbox 498 1779 588 1855; x_wconf 86' lang='lat' dir='ltr'>atque</span> <span class='ocrx_word' id='word_1_75' title='bbox 603 1774 646 1836; x_wconf 92' lang='lat' dir='ltr'>ita</span> <span class='ocrx_word' id='word_1_76' title='bbox 660 1771 797 1834; x_wconf 90' lang='lat' dir='ltr'>turbidus</span> <span class='ocrx_word' id='word_1_77' title='bbox 810 1772 897 1834; x_wconf 88' lang='lat' dir='ltr'>infit:</span> <span class='ocrx_word' id='word_1_78' title='bbox 1102 1789 1133 1838; x_wconf 83' lang='grc' dir='ltr'>ιο</span> 
     </span>
     <span class='ocr_line' id='line_1_14' title="bbox 97 1856 997 1940; baseline 0 -22"><span class='ocrx_word' id='word_1_79' title='bbox 97 1856 192 1919; x_wconf 87' lang='lat' dir='ltr'>Nulla</span> <span class='ocrx_word' id='word_1_80' title='bbox 205 1877 289 1920; x_wconf 92' lang='lat' dir='ltr'>mora</span> <span class='ocrx_word' id='word_1_81' title='bbox 302 1857 333 1919; x_wconf 92' lang='lat' dir='ltr'>in</span> <span class='ocrx_word' id='word_1_82' title='bbox 348 1857 449 1920; x_wconf 82' lang='lat' dir='ltr'>Turno</span> <span class='ocrx_word' id='word_1_83' title='bbox 461 1877 470 1934; x_wconf 91' lang='lat'>;</span> <span class='ocrx_word' id='word_1_84' title='bbox 493 1858 567 1920; x_wconf 88' lang='lat' dir='ltr'>nihil</span> <span class='ocrx_word' id='word_1_85' title='bbox 582 1864 627 1921; x_wconf 90' lang='lat' dir='ltr'>est</span> <span class='ocrx_word' id='word_1_86' title='bbox 642 1856 721 1940; x_wconf 91' lang='lat' dir='ltr'>quod</span> <span class='ocrx_word' id='word_1_87' title='bbox 736 1856 817 1919; x_wconf 89' lang='lat' dir='ltr'>dicta</span> <span class='ocrx_word' id='word_1_88' title='bbox 831 1861 997 1920; x_wconf 87' lang='lat' dir='ltr'>retractent</span> 
     </span>
    </p>

    <p class='ocr_par' dir='ltr' id='par_1_12' title="bbox 98 1941 904 2026">
     <span class='ocr_line' id='line_1_15' title="bbox 98 1941 904 2026; baseline 0.001 -23"><span class='ocrx_word' id='word_1_89' title='bbox 98 1941 206 2023; x_wconf 82' lang='lat' dir='ltr'>Ignavi</span> <span class='ocrx_word' id='word_1_90' title='bbox 219 1941 397 2022; x_wconf 85' lang='lat' dir='ltr'>Aeneadae,</span> <span class='ocrx_word' id='word_1_91' title='bbox 411 1963 479 2021; x_wconf 93' lang='lat' dir='ltr'>nec,</span> <span class='ocrx_word' id='word_1_92' title='bbox 495 1963 571 2024; x_wconf 89' lang='lat' dir='ltr'>quae</span> <span class='ocrx_word' id='word_1_93' title='bbox 586 1942 739 2026; x_wconf 84' lang='lat' dir='ltr'>pepigere,</span> <span class='ocrx_word' id='word_1_94' title='bbox 754 1948 904 2004; x_wconf 87' lang='lat' dir='ltr'>recusent.</span> 
     </span>
    </p>

    <p class='ocr_par' dir='ltr' id='par_1_13' title="bbox 100 2026 935 2110">
     <span class='ocr_line' id='line_1_16' title="bbox 100 2026 935 2110; baseline 0.002 -19"><span class='ocrx_word' id='word_1_95' title='bbox 100 2026 293 2108; x_wconf 83' lang='lat' dir='ltr'>Congredior.</span> <span class='ocrx_word' id='word_1_96' title='bbox 338 2027 400 2090; x_wconf 87' lang='lat' dir='ltr'>Fer</span> <span class='ocrx_word' id='word_1_97' title='bbox 414 2048 510 2105; x_wconf 88' lang='lat' dir='ltr'>sacra,</span> <span class='ocrx_word' id='word_1_98' title='bbox 525 2033 623 2110; x_wconf 90' lang='lat' dir='ltr'>pater,</span> <span class='ocrx_word' id='word_1_99' title='bbox 637 2034 669 2089; x_wconf 90' lang='lat' dir='ltr'>et</span> <span class='ocrx_word' id='word_1_100' title='bbox 683 2026 804 2108; x_wconf 87' lang='lat' dir='ltr'>concipe</span> <span class='ocrx_word' id='word_1_101' title='bbox 819 2027 935 2094; x_wconf 81' lang='lat' dir='ltr'>foedus.</span> 
     </span>
    </p>

    <p class='ocr_par' dir='ltr' id='par_1_14' title="bbox 97 2111 910 2190">
     <span class='ocr_line' id='line_1_17' title="bbox 97 2111 910 2190; baseline 0 -17"><span class='ocrx_word' id='word_1_102' title='bbox 97 2111 164 2174; x_wconf 90' lang='lat' dir='ltr'>Aut</span> <span class='ocrx_word' id='word_1_103' title='bbox 178 2112 234 2175; x_wconf 91' lang='lat' dir='ltr'>hac</span> <span class='ocrx_word' id='word_1_104' title='bbox 251 2112 437 2175; x_wconf 87' lang='lat' dir='ltr'>Dardanium</span> <span class='ocrx_word' id='word_1_105' title='bbox 453 2112 559 2175; x_wconf 88' lang='lat' dir='ltr'>dextra</span> <span class='ocrx_word' id='word_1_106' title='bbox 573 2113 628 2175; x_wconf 85' lang='lat' dir='ltr'>sub</span> <span class='ocrx_word' id='word_1_107' title='bbox 643 2112 770 2174; x_wconf 80' lang='lat' dir='ltr'>Tartara</span> <span class='ocrx_word' id='word_1_108' title='bbox 783 2112 910 2190; x_wconf 89' lang='lat' dir='ltr'>mittam,</span> 
     </span>
    </p>

    <p class='ocr_par' dir='ltr' id='par_1_15' title="bbox 98 2195 1136 2358">
     <span class='ocr_line' id='line_1_18' title="bbox 98 2195 1136 2280; baseline 0.003 -21"><span class='ocrx_word' id='word_1_109' title='bbox 98 2198 291 2260; x_wconf 84' lang='lat' dir='ltr'>Desertorem</span> <span class='ocrx_word' id='word_1_110' title='bbox 305 2197 409 2276; x_wconf 86' lang='lat' dir='ltr'>Asiae,</span> <span class='ocrx_word' id='word_1_111' title='bbox 421 2197 601 2260; x_wconf 91' lang='lat' dir='ltr'>-sedeant</span> <span class='ocrx_word' id='word_1_112' title='bbox 615 2203 812 2280; x_wconf 90' lang='lat' dir='ltr'>spectentque</span> <span class='ocrx_word' id='word_1_113' title='bbox 827 2195 928 2260; x_wconf 89' lang='lat' dir='ltr'>Latini</span> <span class='ocrx_word' id='word_1_114' title='bbox 937 2231 982 2244; x_wconf 91' lang='lat'>-</span> <span class='ocrx_word' id='word_1_115' title='bbox 1103 2215 1136 2262; x_wconf 85' lang='lat'>15</span> 
     </span>
     <span class='ocr_line' id='line_1_19' title="bbox 98 2281 796 2358; baseline -0.001 -14"><span class='ocrx_word' id='word_1_116' title='bbox 98 2282 141 2345; x_wconf 86' lang='lat' dir='ltr'>Et</span> <span class='ocrx_word' id='word_1_117' title='bbox 155 2283 234 2344; x_wconf 90' lang='lat' dir='ltr'>solus</span> <span class='ocrx_word' id='word_1_118' title='bbox 247 2281 327 2344; x_wconf 90' lang='lat' dir='ltr'>ferro</span> <span class='ocrx_word' id='word_1_119' title='bbox 344 2283 457 2344; x_wconf 90' lang='lat' dir='ltr'>crimen</span> <span class='ocrx_word' id='word_1_120' title='bbox 472 2302 625 2344; x_wconf 90' lang='lat' dir='ltr'>commune</span> <span class='ocrx_word' id='word_1_121' title='bbox 640 2282 774 2344; x_wconf 90' lang='lat' dir='ltr'>refellam</span> <span class='ocrx_word' id='word_1_122' title='bbox 787 2302 796 2358; x_wconf 94' lang='lat'>;</span> 
     </span>
    </p>

    <p class='ocr_par' dir='ltr' id='par_1_16' title="bbox 97 2366 785 2452">
     <span class='ocr_line' id='line_1_20' title="bbox 97 2366 785 2452; baseline 0 -23"><span class='ocrx_word' id='word_1_123' title='bbox 97 2367 164 2429; x_wconf 87' lang='lat' dir='ltr'>Aut</span> <span class='ocrx_word' id='word_1_124' title='bbox 178 2367 287 2429; x_wconf 87' lang='lat' dir='ltr'>habeat</span> <span class='ocrx_word' id='word_1_125' title='bbox 302 2367 407 2446; x_wconf 86' lang='lat' dir='ltr'>victos,</span> <span class='ocrx_word' id='word_1_126' title='bbox 424 2366 513 2429; x_wconf 89' lang='lat' dir='ltr'>cedat</span> <span class='ocrx_word' id='word_1_127' title='bbox 528 2366 653 2430; x_wconf 90' lang='lat' dir='ltr'>Lavinia</span> <span class='ocrx_word' id='word_1_128' title='bbox 668 2369 785 2452; x_wconf 89' lang='lat' dir='ltr'>conjux.</span> 
     </span>
    </p>

    <p class='ocr_par' dir='ltr' id='par_1_17' title="bbox 100 2451 709 2534">
     <span class='ocr_line' id='line_1_21' title="bbox 100 2451 709 2534; baseline 0.002 -21"><span class='ocrx_word' id='word_1_129' title='bbox 100 2451 160 2514; x_wconf 86' lang='lat' dir='ltr'>Olli</span> <span class='ocrx_word' id='word_1_130' title='bbox 174 2453 277 2514; x_wconf 90' lang='lat' dir='ltr'>sedato</span> <span class='ocrx_word' id='word_1_131' title='bbox 292 2451 445 2534; x_wconf 89' lang='lat' dir='ltr'>respondit</span> <span class='ocrx_word' id='word_1_132' title='bbox 460 2452 549 2515; x_wconf 91' lang='lat' dir='ltr'>corde</span> <span class='ocrx_word' id='word_1_133' title='bbox 565 2452 709 2515; x_wconf 89' lang='lat' dir='ltr'>Latinus:</span> 
     </span>
    </p>

    <p class='ocr_par' dir='ltr' id='par_1_18' title="bbox 100 2536 898 2621">
     <span class='ocr_line' id='line_1_22' title="bbox 100 2536 898 2621; baseline 0.001 -23"><span class='ocrx_word' id='word_1_134' title='bbox 100 2536 127 2598; x_wconf 88' lang='grc' dir='ltr'><strong>Ο</strong></span> <span class='ocrx_word' id='word_1_135' title='bbox 143 2544 298 2620; x_wconf 86' lang='lat' dir='ltr'>praestans</span> <span class='ocrx_word' id='word_1_136' title='bbox 313 2538 412 2600; x_wconf 90' lang='lat' dir='ltr'>anima</span> <span class='ocrx_word' id='word_1_137' title='bbox 421 2537 552 2621; x_wconf 87' lang='lat' dir='ltr'>juvenis,</span> <span class='ocrx_word' id='word_1_138' title='bbox 568 2545 712 2620; x_wconf 89' lang='lat' dir='ltr'>quantum</span> <span class='ocrx_word' id='word_1_139' title='bbox 726 2538 790 2621; x_wconf 90' lang='lat' dir='ltr'>ipse</span> <span class='ocrx_word' id='word_1_140' title='bbox 805 2536 898 2601; x_wconf 86' lang='lat' dir='ltr'>feroci</span> 
     </span>
    </p>

    <p class='ocr_par' dir='ltr' id='par_1_19' title="bbox 98 2623 1137 2791">
     <span class='ocr_line' id='line_1_23' title="bbox 98 2623 1137 2771; baseline 0.004 -85"><span class='ocrx_word' id='word_1_141' title='bbox 98 2623 221 2686; x_wconf 88' lang='lat' dir='ltr'>Virtute</span> <span class='ocrx_word' id='word_1_142' title='bbox 237 2643 411 2771; x_wconf 83' lang='lat' dir='ltr'>exsuperas,</span> <span class='ocrx_word' id='word_1_143' title='bbox 426 2628 508 2685; x_wconf 91' lang='lat' dir='ltr'>tanto</span> <span class='ocrx_word' id='word_1_144' title='bbox 523 2643 571 2684; x_wconf 91' lang='lat' dir='ltr'>me</span> <span class='ocrx_word' id='word_1_145' title='bbox 586 2623 747 2704; x_wconf 89' lang='lat' dir='ltr'>impensius</span> <span class='ocrx_word' id='word_1_146' title='bbox 763 2643 891 2704; x_wconf 91' lang='lat' dir='ltr'>aequum</span> <span class='ocrx_word' id='word_1_147' title='bbox 907 2627 953 2685; x_wconf 91' lang='lat' dir='ltr'>est</span> <span class='ocrx_word' id='word_1_148' title='bbox 1103 2641 1137 2690; x_wconf 81' lang='lat'>20</span> 
     </span>
     <span class='ocr_line' id='line_1_24' title="bbox 100 2707 990 2791; baseline -0.001 -21"><span class='ocrx_word' id='word_1_149' title='bbox 100 2707 307 2787; x_wconf 79' lang='lat' dir='ltr'>Consulere,a</span> <span class='ocrx_word' id='word_1_150' title='bbox 289 2715 380 2791; x_wconf 90' lang='lat' dir='ltr'>atque</span> <span class='ocrx_word' id='word_1_151' title='bbox 395 2729 496 2771; x_wconf 89' lang='lat' dir='ltr'>omnes</span> <span class='ocrx_word' id='word_1_152' title='bbox 510 2714 693 2770; x_wconf 87' lang='lat' dir='ltr'>metuentem</span> <span class='ocrx_word' id='word_1_153' title='bbox 708 2708 877 2790; x_wconf 86' lang='lat' dir='ltr'>expendere</span> <span class='ocrx_word' id='word_1_154' title='bbox 893 2726 990 2769; x_wconf 87' lang='lat' dir='ltr'>casus.</span> 
     </span>
    </p>

    <p class='ocr_par' dir='ltr' id='par_1_20' title="bbox 101 2791 902 2891">
     <span class='ocr_line' id='line_1_25' title="bbox 101 2791 902 2891; baseline 0 -37"><span class='ocrx_word' id='word_1_155' title='bbox 101 2791 178 2855; x_wconf 84' lang='lat' dir='ltr'>Sunt</span> <span class='ocrx_word' id='word_1_156' title='bbox 192 2794 246 2856; x_wconf 91' lang='lat' dir='ltr'>tibi</span> <span class='ocrx_word' id='word_1_157' title='bbox 261 2815 355 2876; x_wconf 91' lang='lat' dir='ltr'>regna</span> <span class='ocrx_word' id='word_1_158' title='bbox 369 2800 422 2876; x_wconf 91' lang='lat' dir='ltr'>pat</span> <span class='ocrx_word' id='word_1_159' title='bbox 422 2793 462 2856; x_wconf 89' lang='lat' dir='ltr'>ris</span> <span class='ocrx_word' id='word_1_160' title='bbox 409 2793 590 2871; x_wconf 91' lang='lat' dir='ltr'>tDauni,</span> <span class='ocrx_word' id='word_1_161' title='bbox 605 2814 662 2855; x_wconf 89' lang='lat' dir='ltr'>sun</span> <span class='ocrx_word' id='word_1_162' title='bbox 662 2793 798 2891; x_wconf 91' lang='lat' dir='ltr'>toppida</span> <span class='ocrx_word' id='word_1_163' title='bbox 814 2799 902 2875; x_wconf 88' lang='lat' dir='ltr'>capta</span> 
     </span>
    </p>

    <p class='ocr_par' dir='ltr' id='par_1_21' title="bbox 98 2876 1050 2960">
     <span class='ocr_line' id='line_1_26' title="bbox 98 2876 1050 2960; baseline -0.002 -20"><span class='ocrx_word' id='word_1_164' title='bbox 98 2878 197 2941; x_wconf 91' lang='lat' dir='ltr'>Multa</span> <span class='ocrx_word' id='word_1_165' title='bbox 211 2899 322 2956; x_wconf 82' lang='lat' dir='ltr'>manu3</span> <span class='ocrx_word' id='word_1_166' title='bbox 345 2899 475 2941; x_wconf 89' lang='lat' dir='ltr'>necnon</span> <span class='ocrx_word' id='word_1_167' title='bbox 490 2898 655 2959; x_wconf 91' lang='lat' dir='ltr'>aurumque</span> <span class='ocrx_word' id='word_1_168' title='bbox 671 2878 844 2960; x_wconf 89' lang='lat' dir='ltr'>animusque</span> <span class='ocrx_word' id='word_1_169' title='bbox 860 2876 967 2940; x_wconf 90' lang='lat' dir='ltr'>Latino</span> <span class='ocrx_word' id='word_1_170' title='bbox 982 2880 1050 2953; x_wconf 83' lang='lat' dir='ltr'>est3</span> 
     </span>
    </p>

    <p class='ocr_par' dir='ltr' id='par_1_22' title="bbox 101 2961 897 3046">
     <span class='ocr_line' id='line_1_27' title="bbox 101 2961 897 3046; baseline -0.001 -21"><span class='ocrx_word' id='word_1_171' title='bbox 101 2961 178 3025; x_wconf 84' lang='lat' dir='ltr'>Sunt</span> <span class='ocrx_word' id='word_1_172' title='bbox 192 2965 268 3026; x_wconf 87' lang='lat' dir='ltr'>aliae</span> <span class='ocrx_word' id='word_1_173' title='bbox 283 2963 425 3046; x_wconf 87' lang='lat' dir='ltr'>innuptae</span> <span class='ocrx_word' id='word_1_174' title='bbox 442 2962 529 3026; x_wconf 88' lang='lat' dir='ltr'>Latro</span> <span class='ocrx_word' id='word_1_175' title='bbox 544 2969 576 3026; x_wconf 90' lang='lat' dir='ltr'>e</span> <span class='ocrx_word' id='word_1_176' title='bbox 563 2963 790 3025; x_wconf 89' lang='lat' dir='ltr'>tLaurentibus</span> <span class='ocrx_word' id='word_1_177' title='bbox 806 2963 897 3044; x_wconf 89' lang='lat' dir='ltr'>agris,</span> 
     </span>
    </p>

    <p class='ocr_par' dir='ltr' id='par_1_23' title="bbox 98 3046 1140 3217">
     <span class='ocr_line' id='line_1_28' title="bbox 98 3046 1140 3130; baseline 0.001 -19"><span class='ocrx_word' id='word_1_178' title='bbox 98 3048 165 3111; x_wconf 90' lang='lat' dir='ltr'>Nec</span> <span class='ocrx_word' id='word_1_179' title='bbox 181 3069 276 3130; x_wconf 89' lang='lat' dir='ltr'>genus</span> <span class='ocrx_word' id='word_1_180' title='bbox 289 3049 454 3113; x_wconf 90' lang='lat' dir='ltr'>indecores.</span> <span class='ocrx_word' id='word_1_181' title='bbox 502 3047 572 3111; x_wconf 92' lang='lat' dir='ltr'>Sine</span> <span class='ocrx_word' id='word_1_182' title='bbox 588 3069 635 3110; x_wconf 93' lang='lat' dir='ltr'>me</span> <span class='ocrx_word' id='word_1_183' title='bbox 649 3049 724 3110; x_wconf 91' lang='lat' dir='ltr'>haec</span> <span class='ocrx_word' id='word_1_184' title='bbox 739 3047 821 3110; x_wconf 90' lang='lat' dir='ltr'>haud</span> <span class='ocrx_word' id='word_1_185' title='bbox 834 3047 933 3111; x_wconf 88' lang='lat' dir='ltr'>mollia</span> <span class='ocrx_word' id='word_1_186' title='bbox 946 3046 1013 3108; x_wconf 87' lang='lat' dir='ltr'>fatu</span> <span class='ocrx_word' id='word_1_187' title='bbox 1073 3070 1076 3077; x_wconf 78' lang='grc'><strong><em>’</em></strong></span> <span class='ocrx_word' id='word_1_188' title='bbox 1106 3063 1140 3112; x_wconf 70' lang='lat' dir='ltr'>aa</span> 
     </span>
     <span class='ocr_line' id='line_1_29' title="bbox 100 3133 863 3217; baseline -0.005 -19"><span class='ocrx_word' id='word_1_189' title='bbox 100 3135 232 3198; x_wconf 87' lang='lat' dir='ltr'>Sublatis</span> <span class='ocrx_word' id='word_1_190' title='bbox 247 3135 364 3217; x_wconf 90' lang='lat' dir='ltr'>aperire</span> <span class='ocrx_word' id='word_1_191' title='bbox 381 3135 466 3213; x_wconf 90' lang='lat' dir='ltr'>dolis,</span> <span class='ocrx_word' id='word_1_192' title='bbox 482 3135 568 3197; x_wconf 91' lang='lat' dir='ltr'>simul</span> <span class='ocrx_word' id='word_1_193' title='bbox 582 3134 638 3196; x_wconf 90' lang='lat' dir='ltr'>hoc</span> <span class='ocrx_word' id='word_1_194' title='bbox 655 3133 751 3195; x_wconf 90' lang='lat' dir='ltr'>animo</span> <span class='ocrx_word' id='word_1_195' title='bbox 765 3133 863 3195; x_wconf 84' lang='lat' dir='ltr'>hauri.</span> 
     </span>
    </p>

    <p class='ocr_par' dir='ltr' id='par_1_24' title="bbox 98 3220 808 3300">
     <span class='ocr_line' id='line_1_30' title="bbox 98 3220 808 3300; baseline -0.004 -18"><span class='ocrx_word' id='word_1_196' title='bbox 98 3220 151 3282; x_wconf 93' lang='lat' dir='ltr'>Me</span> <span class='ocrx_word' id='word_1_197' title='bbox 167 3225 269 3282; x_wconf 90' lang='lat' dir='ltr'>natam</span> <span class='ocrx_word' id='word_1_198' title='bbox 282 3220 356 3282; x_wconf 92' lang='lat' dir='ltr'>nulli</span> <span class='ocrx_word' id='word_1_199' title='bbox 371 3227 507 3283; x_wconf 88' lang='lat' dir='ltr'>veterum</span> <span class='ocrx_word' id='word_1_200' title='bbox 522 3220 635 3282; x_wconf 89' lang='lat' dir='ltr'>sociare</span> <span class='ocrx_word' id='word_1_201' title='bbox 651 3239 808 3300; x_wconf 88' lang='lat' dir='ltr'>procorum</span> 
     </span>
    </p>

    <p class='ocr_par' dir='ltr' id='par_1_25' title="bbox 98 3301 988 3451">
     <span class='ocr_line' id='line_1_31' title="bbox 98 3301 988 3451; baseline -0.003 -83"><span class='ocrx_word' id='word_1_202' title='bbox 98 3305 159 3368; x_wconf 85' lang='lat' dir='ltr'>Fas</span> <span class='ocrx_word' id='word_1_203' title='bbox 174 3311 240 3367; x_wconf 91' lang='lat' dir='ltr'>erat</span> <span class='ocrx_word' id='word_1_204' title='bbox 242 3304 356 3387; x_wconf 91' lang='lat' dir='ltr'>,idque</span> <span class='ocrx_word' id='word_1_205' title='bbox 372 3324 473 3368; x_wconf 91' lang='lat' dir='ltr'>omnes</span> <span class='ocrx_word' id='word_1_206' title='bbox 488 3304 607 3385; x_wconf 87' lang='lat' dir='ltr'>divique</span> <span class='ocrx_word' id='word_1_207' title='bbox 622 3305 815 3451; x_wconf 77' lang='lat' dir='ltr'>hominesque</span> <span class='ocrx_word' id='word_1_208' title='bbox 831 3301 988 3366; x_wconf 89' lang='lat' dir='ltr'>canebant</span> 
     </span>
    </p>

    <p class='ocr_par' dir='ltr' id='par_1_26' title="bbox 99 3389 805 3471">
     <span class='ocr_line' id='line_1_32' title="bbox 99 3389 805 3471; baseline -0.005 -18"><span class='ocrx_word' id='word_1_209' title='bbox 99 3390 208 3453; x_wconf 89' lang='lat' dir='ltr'>Victus</span> <span class='ocrx_word' id='word_1_210' title='bbox 224 3410 322 3452; x_wconf 90' lang='lat' dir='ltr'>amore</span> <span class='ocrx_word' id='word_1_211' title='bbox 338 3390 382 3452; x_wconf 91' lang='lat' dir='ltr'>tui</span> <span class='ocrx_word' id='word_1_212' title='bbox 385 3395 534 3471; x_wconf 87' lang='lat' dir='ltr'>,cognato</span> <span class='ocrx_word' id='word_1_213' title='bbox 549 3390 693 3470; x_wconf 91' lang='lat' dir='ltr'>sanguine</span> <span class='ocrx_word' id='word_1_214' title='bbox 708 3389 805 3451; x_wconf 87' lang='lat' dir='ltr'>victus</span> 
     </span>
    </p>

    <p class='ocr_par' dir='ltr' id='par_1_27' title="bbox 98 3471 1142 3643">
     <span class='ocr_line' id='line_1_33' title="bbox 100 3471 1142 3561; baseline -0.008 -21"><span class='ocrx_word' id='word_1_215' title='bbox 100 3475 289 3561; x_wconf 81' lang='lat' dir='ltr'>Oonjugiset</span> <span class='ocrx_word' id='word_1_216' title='bbox 303 3480 399 3538; x_wconf 87' lang='lat' dir='ltr'>maest</span> <span class='ocrx_word' id='word_1_217' title='bbox 400 3495 434 3537; x_wconf 91' lang='lat' dir='ltr'>ae</span> <span class='ocrx_word' id='word_1_218' title='bbox 448 3474 601 3558; x_wconf 81' lang='lat' dir='ltr'>lacrymis,</span> <span class='ocrx_word' id='word_1_219' title='bbox 618 3475 716 3537; x_wconf 87' lang='lat' dir='ltr'>vincla</span> <span class='ocrx_word' id='word_1_220' title='bbox 731 3473 828 3537; x_wconf 91' lang='lat' dir='ltr'>omnia</span> <span class='ocrx_word' id='word_1_221' title='bbox 841 3471 920 3554; x_wconf 89' lang='lat' dir='ltr'>rupi,</span> <span class='ocrx_word' id='word_1_222' title='bbox 1048 3539 1055 3549; x_wconf 46' lang='lat'>‚</span> <span class='ocrx_word' id='word_1_223' title='bbox 1108 3494 1142 3543; x_wconf 79' lang='lat'>30</span> 
     </span>
     <span class='ocr_line' id='line_1_34' title="bbox 98 3501 847 3659; baseline -0.008 -34"><span class='ocrx_word' id='word_1_224' title='bbox 98 3501 279 3659; x_wconf 85' lang='lat' dir='ltr'>Promissam</span> <span class='ocrx_word' id='word_1_225' title='bbox 294 3561 389 3643; x_wconf 90' lang='lat' dir='ltr'>eripui</span> <span class='ocrx_word' id='word_1_226' title='bbox 404 3581 526 3642; x_wconf 90' lang='lat' dir='ltr'>genero,</span> <span class='ocrx_word' id='word_1_227' title='bbox 542 3581 626 3622; x_wconf 90' lang='lat' dir='ltr'>arma</span> <span class='ocrx_word' id='word_1_228' title='bbox 641 3560 732 3642; x_wconf 92' lang='lat' dir='ltr'>impia</span> <span class='ocrx_word' id='word_1_229' title='bbox 746 3557 847 3622; x_wconf 88' lang='lat' dir='ltr'>sumsi.</span> 
     </span>
    </p>

    <p class='ocr_par' dir='ltr' id='par_1_28' title="bbox 99 3645 867 3743">
     <span class='ocr_line' id='line_1_35' title="bbox 99 3645 867 3743; baseline -0.006 -34"><span class='ocrx_word' id='word_1_230' title='bbox 99 3647 147 3710; x_wconf 83' lang='lat' dir='ltr'>Ex</span> <span class='ocrx_word' id='word_1_231' title='bbox 161 3649 211 3711; x_wconf 93' lang='lat' dir='ltr'>illo</span> <span class='ocrx_word' id='word_1_232' title='bbox 227 3646 278 3730; x_wconf 92' lang='lat' dir='ltr'>qui</span> <span class='ocrx_word' id='word_1_233' title='bbox 292 3667 340 3709; x_wconf 93' lang='lat' dir='ltr'>me</span> <span class='ocrx_word' id='word_1_234' title='bbox 356 3666 453 3723; x_wconf 90' lang='lat' dir='ltr'>casus,</span> <span class='ocrx_word' id='word_1_235' title='bbox 469 3667 558 3728; x_wconf 89' lang='lat' dir='ltr'>quae,</span> <span class='ocrx_word' id='word_1_236' title='bbox 574 3645 686 3743; x_wconf 78' lang='lat' dir='ltr'>Turne,</span> <span class='ocrx_word' id='word_1_237' title='bbox 703 3649 867 3725; x_wconf 89' lang='lat' dir='ltr'>sequantur</span> 
     </span>
    </p>

    <p class='ocr_par' dir='ltr' id='par_1_29' title="bbox 98 3730 849 3815">
     <span class='ocr_line' id='line_1_36' title="bbox 98 3730 849 3815; baseline -0.005 -21"><span class='ocrx_word' id='word_1_238' title='bbox 98 3731 198 3813; x_wconf 88' lang='lat' dir='ltr'>Bella,</span> <span class='ocrx_word' id='word_1_239' title='bbox 213 3732 308 3812; x_wconf 81' lang='lat' dir='ltr'>vides,</span> <span class='ocrx_word' id='word_1_240' title='bbox 324 3737 450 3815; x_wconf 89' lang='lat' dir='ltr'>quantos</span> <span class='ocrx_word' id='word_1_241' title='bbox 464 3733 576 3814; x_wconf 91' lang='lat' dir='ltr'>primus</span> <span class='ocrx_word' id='word_1_242' title='bbox 592 3730 708 3814; x_wconf 88' lang='lat' dir='ltr'>patiare</span> <span class='ocrx_word' id='word_1_243' title='bbox 723 3730 849 3792; x_wconf 90' lang='lat' dir='ltr'>labores.</span> 
     </span>
    </p>
   </div>
   <div class='ocr_carea' id='block_1_4' title="bbox 0 0 1257 4334">
    <p class='ocr_par' dir='ltr' id='par_1_30' title="bbox 0 0 1257 4334">
     <span class='ocr_line' id='line_1_37' title="bbox 0 0 1257 4334; baseline 0 0"><span class='ocrx_word' id='word_1_244' title='bbox 0 0 1257 4334; x_wconf 95' lang='lat' dir='ltr'> </span> 
     </span>
    </p>
   </div>
  </div>
 </body>
</html>
