2496 4334
97 241 137 304 92
447 261 476 305 r.
500 259 641 304 umerum
666 256 811 305 uaaours

97 410 216 473 Instant
230 411 371 475 ardentes
386 411 487 496 Tyrii:
511 432 580 494 pars
595 410 706 474 ducere
722 432 833 490 muros,

97 495 256 579 Molirique
272 517 383 575 arcem,
398 503 430 559 et
442 497 577 559 manibus
592 497 767 558 subvolvere
782 515 874 573 saxa3

97 581 174 643 Pars
189 587 291 663 optare
306 583 405 644 locum
419 588 510 660 tecto,
526 587 557 643 et
572 579 750 644 concludere
766 581 867 657 sulco;

96 665 119 727 J
120 687 185 745 ura,
200 667 450 748 magistratusque
464 668 580 749 legunt,
596 672 791 748 sanctumque
807 673 963 742 senatum;

98 750 159 812 Hic
174 757 276 833 portus
291 752 341 814 alii
355 753 516 827 effodiunt;
539 752 587 814 hio
603 752 664 813 alta
679 751 789 812 theatri

97 835 305 898 Fundamenta
318 838 419 899 locant
433 837 493 915 alii,
508 837 710 918 immanesque
726 836 877 898 columnas

97 920 233 1002 Rupibus
249 920 401 1000 excidunt,
417 923 513 984 scenis
529 922 638 984 decora
653 922 715 983 alta
728 921 847 983 futuris.

98 1003 201 1077 Qualis
217 1026 288 1088 apes
304 1013 418 1069 aestate
432 1028 510 1070 nova
523 1028 579 1090 per
591 1007 684 1068 florea
697 1025 768 1067 rura

98 1088 229 1152 Exercet
244 1093 298 1152 sub
314 1093 374 1154 sole
388 1092 491 1168 labor;
514 1113 606 1174 quum
621 1091 719 1173 gentis
735 1090 852 1153 adultos

98 1173 240 1237 Educunt
254 1176 363 1255 foetus,
378 1184 431 1239 aut
445 1199 537 1260 quum
551 1176 695 1259 hquentia
708 1176 799 1238 mella

27 1293 33 1302 ·
100 1257 230 1342 Stipant,
245 1267 277 1322 et
291 1261 371 1324 dulci
386 1262 560 1324 distendunt
572 1266 695 1324 nectare
711 1261 821 1335 cella-53

97 1343 164 1406 Aut
178 1365 269 1407 onera
283 1346 433 1429 accipiunt
447 1347 629 1424 venientum,
644 1351 707 1424 aut,
722 1345 840 1427 agmine
856 1345 947 1424 facto,

97 1429 245 1510 Ignavum
260 1431 343 1493 fucos
358 1452 450 1514 pecus
466 1453 484 1494 a
498 1431 690 1515 praesepibus
705 1437 829 1506 aroent3
963 1469 980 1505 ,³

97 1513 209 1577 Fervet
224 1536 308 1598 opus,
322 1517 516 1599 redolentque
532 1517 634 1601 thymo
647 1514 815 1598 fragrantia
828 1516 928 1578 mella.
949 1510 973 1563 ,r

100 1598 126 1661 Ο
148 1600 302 1680 fortunati,
317 1622 442 1683 quorum
451 1603 516 1686 jam
529 1602 646 1665 moenia
660 1599 805 1683 surgunt!

97 1683 219 1747 Aeneas
234 1686 286 1765 ait,
302 1694 334 1749 et
347 1687 467 1769 fastigia
480 1687 603 1770 suspicit
617 1687 708 1748 urbis.
746 1698 750 1705 '

98 1769 197 1832 Infert
210 1791 242 1832 se
258 1777 359 1853 septus
373 1772 673 1836 nebula-mirabile
688 1771 824 1833 dictu—
915 1774 916 1778 ’

99 1855 159 1917 Per
172 1856 296 1936 medios,
311 1858 475 1940 miscetque
491 1857 581 1933 viris3
603 1877 702 1938 neque
718 1855 851 1919 cernitur
864 1854 928 1918 ulli.

19 1981 23 1989 .
46 1973 48 1977 ·
140 1939 240 2004 Lucus
255 1941 287 2003 in
301 1943 374 2005 urbe
389 1943 447 2004 fuit
460 1943 570 2022 media,
584 1942 761 2005 laetissimus
776 1941 911 2020 umbrae,

99 2023 165 2098 Quo
179 2026 315 2108 primum,
325 2028 433 2111 jactati
449 2028 536 2091 undis
552 2035 584 2091 et
598 2027 727 2105 turbine,
742 2025 837 2088 Poeni

98 2111 236 2173 Effodere
250 2112 315 2175 loeo
330 2113 458 2195 signum,
474 2113 554 2196 quod
568 2113 653 2196 regia
664 2112 747 2175 June

98 2195 292 2276 Monstrarat,
308 2204 398 2280 caput
413 2198 489 2260 acris
505 2198 593 2281 equi3
619 2198 661 2260 sio
675 2218 745 2260 nam
758 2197 823 2259 fore
837 2195 915 2258 bello

98 2279 259 2362 Egregiam
274 2289 306 2344 et
320 2283 440 2345 facilem
454 2283 536 2345 rictu
549 2304 604 2366 per
617 2283 738 2345 saecula
752 2288 884 2364 gentem.

97 2364 158 2427 Hic
173 2367 316 2448 templum
329 2367 352 2430 J
352 2368 442 2431 unoni
456 2369 562 2451 iugens
578 2367 700 2431 Sidonia
716 2367 795 2430 Dido

98 2449 264 2530 Condebat,
280 2453 363 2515 donis
378 2454 551 2537 opulentum
565 2459 597 2516 et
610 2453 730 2515 numine
745 2451 845 2531 divae,

96 2536 200 2599 Aerea
214 2538 262 2599 oui
277 2538 418 2621 gradibus
432 2540 595 2622 surgebant
608 2538 720 2616 limina,
734 2556 890 2620 nexaeque

96 2623 179 2685 Aere
194 2625 313 2701 trabes3
338 2626 449 2688 foribus
464 2625 554 2688 cardo
569 2624 714 2687 stridebat
728 2623 840 2685 choum.

96 2708 164 2771 Hoc
177 2709 305 2790 primum
319 2710 350 2772 in
364 2711 432 2774 luco
446 2731 524 2774 nova
538 2731 587 2773 res
602 2710 702 2772 oblata
717 2709 861 2770 timorem.

97 2792 214 2871 Leniit;
236 2795 285 2857 hic
300 2797 427 2877 primum
442 2795 564 2858 Aeneas
578 2815 699 2878 sperare
714 2794 841 2856 salutem

96 2877 210 2958 Ausus,
226 2887 258 2942 et
273 2881 389 2943 afflictis
403 2881 507 2944 melius
525 2880 672 2943 confidere
687 2878 787 2942 rebus.

97 2963 248 3047 Namque,
264 2966 319 3028 sub
333 2966 448 3048 ingenti
462 2967 570 3028 lustrat
584 2965 655 3028 dum
669 2965 787 3046 singula
801 2962 922 3044 templo,

96 3049 243 3131 Reginam
259 3052 428 3134 opperiens,
443 3052 525 3130 dum,
541 3071 618 3134 quae
632 3051 753 3113 fortuna
767 3048 806 3110 sit
819 3047 898 3126 urbi,

96 3133 316 3218 Artificumque
333 3159 438 3200 manus
452 3138 531 3199 inter
545 3158 588 3215 se,
604 3155 786 3219 operumque
800 3134 944 3214 laborem,
1085 3149 1133 3200 455

96 3218 237 3298 Miratur,
253 3221 335 3284 ridet
349 3223 458 3285 Iliacas
473 3244 510 3285 ex
525 3221 628 3285 ordino
642 3240 770 3305 pugnas,

96 3304 242 3386 Bellaque
253 3306 316 3386 jam
331 3307 411 3369 fama
427 3315 521 3370 totum
535 3307 660 3389 vulgata
674 3327 728 3391 per
742 3306 856 3386 orbem,

96 3389 233 3469 Atridas,
249 3390 472 3475 Priamumque,
487 3398 518 3455 et
533 3413 655 3455 saevum
670 3392 810 3454 ambobus
826 3391 977 3456 Achillen.

98 3474 248 3555 Constitit,
263 3483 295 3539 et
308 3478 488 3562 lacrymans,
505 3476 579 3551 Quis
588 3478 654 3561 jam
668 3478 762 3555 loous,
777 3477 886 3561 inquit,
902 3476 1033 3554 Achate,

97 3558 180 3644 Quae
197 3562 279 3643 regio
293 3562 325 3625 in
339 3564 427 3625 terris
442 3564 535 3626 nostri
549 3585 608 3625 non
623 3564 712 3645 plena
725 3562 860 3626 laboris?
1087 3581 1135 3630 460

97 3645 145 3707 En
160 3646 307 3710 Priamus.
354 3647 433 3711 Sunt
446 3649 494 3711 hio
511 3649 601 3711 etiam
616 3669 671 3711 sua
685 3649 819 3730 praemia
832 3648 933 3722 laudi;

99 3729 177 3794 Sunt
190 3733 340 3817 lacrymae
355 3755 467 3814 rerum,
483 3740 514 3796 et
527 3739 657 3796 mentem
671 3734 809 3798 mortalia
824 3739 963 3818 tangrmt.
