2496 4334
445 293 605 339 AENEIDOS
628 294 692 340 ΗΒ.
716 294 768 340 111.

84 447 211 526 Incerti,
226 467 284 529 quo
298 447 362 510 fata
376 446 486 526 ferant,
501 447 553 509 ubi
569 447 673 509 sistere
691 448 791 527 detur,

84 532 356 615 contrahimusque
371 533 460 595 viros.
506 532 568 595 Vix
583 533 678 614 prima
693 533 846 616 inceperat
861 538 977 596 aestas:

83 619 125 682 Et
139 624 227 702 pater
237 616 387 680 Anchises
402 617 473 680 dare
489 617 558 680 fatis
569 618 635 679 vela
644 618 787 700 jubebat3
886 668 890 677 .

82 703 188 767 Litora
202 723 293 785 quum
308 703 423 786 patriae
436 704 606 786 lacrymans
621 709 782 784 portusque
797 703 944 785 relinquo,

82 789 126 851 Et
141 809 261 872 campos
275 789 327 851 ubi
342 788 431 871 Troja
445 789 512 850 fuit.
557 788 653 849 Feror
667 788 752 849 exsul
766 789 797 850 in
812 790 905 851 altum

83 874 163 938 cum
176 874 274 953 sociis,
287 880 431 955 natoque,
447 872 610 935 Penatibus
632 876 664 932 et
683 873 798 954 magnis
814 873 872 936 dis.

125 959 222 1021 Terra
236 958 340 1041 procul
354 959 445 1021 vastis
460 959 567 1020 colitur
581 957 731 1020 Mavortia
746 959 869 1040 campis,

82 1044 217 1106 Thraces
229 1050 326 1122 arant,
343 1044 405 1106 acri
420 1042 570 1126 quondam
584 1049 712 1124 regnata
726 1042 867 1126 Lycurgo
881 1065 889 1119 3

80 1128 256 1211 Hospitium
270 1129 426 1211 antiquum
441 1129 561 1211 Trojae,
577 1128 708 1209 sociique
728 1128 869 1207 Pena-tes,

80 1215 165 1277 Dum
180 1215 299 1277 fortuna
312 1214 380 1276 fuit.
424 1213 521 1276 Feror
534 1214 605 1292 huc,
621 1219 653 1275 et
667 1214 752 1275 litore
769 1234 859 1275 curvo

80 1299 205 1362 Moenia
219 1300 314 1382 prima
327 1300 403 1377 loco,
418 1299 487 1361 fatis
501 1298 654 1380 ingressus
674 1298 783 1380 iniquis
797 1319 805 1374 ;

79 1384 304 1466 Aeneadasque
319 1405 385 1446 meo
400 1404 508 1446 nomen
523 1384 560 1445 de
575 1384 694 1446 nomine
709 1384 800 1464 fingo.

125 1467 221 1532 Sacra
235 1469 387 1533 Dionaeae
402 1469 491 1531 matri
506 1468 641 1551 divisque
656 1469 789 1530 ferebam

78 1551 264 1637 Auspicibus
279 1560 451 1637 coeptorum
465 1574 607 1637 operum3
631 1575 798 1636 superoque
819 1553 965 1616 nitentem

81 1639 265 1703 Ooehcolum
278 1640 345 1721 regi
357 1640 526 1702 mactabam
540 1640 571 1701 in
584 1641 671 1702 litore
690 1645 819 1701 taurum.

78 1725 172 1788 Forte
186 1725 245 1787 fuit
253 1726 343 1809 juxta
357 1726 499 1803 tumulus,
515 1746 574 1807 quo
589 1745 698 1787 cornea
713 1746 826 1787 summo

79 1810 234 1892 Vrrgulta,
250 1816 281 1872 et
297 1810 396 1872 densis
410 1810 565 1873 hastilibus
580 1809 701 1872 horrida
714 1816 842 1893 myrtus.

77 1895 227 1972 Accessi3
249 1895 433 1978 viridemque
449 1895 486 1958 ab
501 1896 590 1958 humo
606 1896 773 1958 convellere
788 1896 893 1958 silvam

79 1978 225 2060 Oonatus,
239 1980 329 2051 ramis
344 1986 479 2062 tegerem
492 1987 528 2043 ut
541 1981 748 2043 frondentibus
764 2001 842 2059 aras,

77 2065 321 2131 Horrendumet
334 2065 418 2128 dictu
431 2065 518 2128 video
532 2066 667 2128 mirabile
687 2072 862 2127 monstrum.

77 2151 161 2213 Nam
176 2171 253 2233 quae
268 2146 364 2232 p1ima
378 2151 439 2213 solo
453 2151 549 2233 ruptis
564 2151 714 2213 radicibus
736 2150 822 2213 arbos

77 2235 223 2315 Velhtnr,
238 2234 307 2298 huie
323 2242 388 2298 atro
402 2236 557 2318 liquuntur
572 2237 716 2318 sanguine
733 2242 849 2317 guttae,

77 2321 121 2382 Et
135 2327 248 2383 terram
263 2320 331 2382 tabo
345 2321 507 2384 maculant.
552 2321 629 2383 Mihi
643 2322 770 2403 frigidus
781 2323 885 2383 horror

77 2405 218 2469 Membra
229 2406 337 2488 quatit,
352 2406 528 2488 gelidusque
544 2407 603 2468 coit
617 2406 773 2468 formidine
794 2405 925 2488 sanguis.

76 2490 196 2553 Rursus
211 2497 243 2553 et
257 2491 380 2553 alterius
394 2492 508 2552 lentum
524 2493 690 2554 convellere
706 2492 806 2553 vimen

76 2575 236 2657 Insequor,
252 2581 284 2637 et
298 2596 418 2639 caussas
433 2577 551 2658 penitus
566 2582 683 2638 tentare
705 2577 852 2637 latentes:

75 2661 158 2722 Ater
173 2667 204 2722 et
218 2660 340 2724 alterius
355 2662 490 2744 sequitur
505 2661 543 2723 de
559 2663 668 2724 cortice
687 2661 818 2741 sanguis.

75 2744 178 2807 Multa
191 2766 312 2808 movens
327 2746 437 2825 animo,
452 2746 610 2828 Nymphas
625 2746 791 2808 venerabar
805 2752 951 2828 agrestes,
959 2767 975 2785 ·’

77 2829 303 2913 Gradivumque
319 2837 446 2913 patrem,
463 2829 578 2893 Geticis
593 2831 645 2912 qui
659 2830 811 2912 praesidet
826 2832 923 2894 arvis:

75 2914 147 2977 Rite
164 2915 364 2978 secundarent
379 2916 470 2994 visus,
485 2937 631 2997 omenque
649 2917 795 2977 levarent.

75 2999 180 3061 Tertia
195 2999 249 3062 sed
263 3007 420 3083 postquam
433 3001 545 3082 majore
560 3000 680 3062 hastilia
694 3001 762 3062 nisu

74 3082 261 3165 Aggredior,
276 3085 461 3166 genibusque
477 3085 622 3147 adversae
638 3085 772 3147 obluctor
787 3105 912 3148 arenae:

75 3167 221 3250 Eloquar,
236 3189 275 3231 an
290 3169 416 3232 sileam?
440 3171 567 3251 gemitus
581 3169 781 3253 lacrymabilis
795 3170 854 3232 imo

74 3252 211 3316 Auditur
225 3255 349 3332 tumulo,
365 3259 396 3316 et
407 3275 464 3316 vox
478 3255 597 3316 reddita
612 3256 708 3316 fertur
723 3255 761 3316 ad
777 3274 883 3318 aures:

75 3335 156 3410 Quid
171 3339 322 3416 miserum,
337 3338 456 3417 Aenea,
471 3338 609 3401 laceras?
627 3341 692 3422 jam
707 3360 796 3422 parce
812 3341 948 3423 sepult03

74 3422 172 3484 Parce
188 3423 252 3505 pias
267 3424 415 3485 scelerare
431 3444 547 3486 manus.
593 3424 664 3486 Non
678 3445 726 3485 me
742 3426 795 3486 tibi
813 3426 903 3509 Troja

75 3505 243 3568 Externum
257 3509 337 3586 tulit,
352 3513 406 3570 aut
420 3528 508 3570 cruor
522 3510 569 3573 hic
586 3509 623 3570 de
640 3510 738 3592 stipite
753 3517 864 3572 manat.

74 3590 165 3654 Heu!
184 3591 256 3673 fuge
272 3592 409 3654 crudeles
425 3599 531 3671 terras,
546 3595 619 3676 fuge
634 3595 704 3656 litus
717 3615 849 3656 avarum.
928 3634 934 3641 -

74 3675 156 3737 Nam
172 3675 339 3760 Polydorus
354 3698 426 3759 ego:
443 3678 491 3739 hie
508 3680 655 3741 confixum
666 3680 765 3741 ferrea
780 3680 856 3741 texit

73 3759 215 3823 Telorum
229 3780 328 3844 seges,
343 3770 375 3824 et
384 3763 499 3908 jaculliq
508 3764 635 3826 increvit
650 3765 755 3826 acutis.
