2496 4334
96 279 159 343 826
430 298 460 344 r.
484 297 626 345 vrnormr
645 295 791 344 morra

97 447 334 532 Congeminant:
358 450 419 514 fors
434 457 466 514 et
479 451 574 515 virtus
588 451 752 514 miscentur
765 449 797 514 in
811 469 914 512 unum.
985 506 989 513 .
1055 448 1060 455 '

95 535 145 597 Ac
160 535 244 597 velut
256 534 372 616 ingenti
389 533 452 598 Sila
465 557 616 599 summove
629 535 771 599 'Faburno

97 618 197 692 Quum
211 618 270 681 duo
287 621 436 683 conversis
451 622 571 684 inimica
585 622 616 684 in
631 621 744 704 proelia
756 619 835 683 tauri

96 704 256 767 Frontibus
271 704 449 782 incummt;
471 707 572 790 pavidi
587 726 705 769 cessere
719 704 855 788 magistri
867 723 876 781 3
985 708 994 721 '

98 788 167 852 Stat
180 809 273 873 pecus
288 811 374 853 omne
388 797 471 853 metu
485 798 612 870 mutum,
626 796 820 873 mussantque
830 790 992 873 juvencae,

97 873 171 947 Quis
185 875 298 937 nemori
312 875 474 958 imperitet,
489 897 579 959 quem
593 882 656 939 tota
670 883 807 938 armenta
820 881 1007 958 sequantur;

96 959 147 1023 Illi
160 961 239 1022 inter
253 980 318 1023 sese
333 962 428 1023 multa
442 962 472 1023 vi
487 964 612 1025 vulnera
625 960 763 1039 miscent,

97 1046 278 1128 Cornuaque
293 1046 392 1108 obnixi
405 1046 544 1129 infigunt,
559 1053 591 1110 et
605 1046 749 1129 sanguine
764 1045 848 1128 largo

98 1129 182 1194 Colla
196 1151 351 1213 armosque
366 1130 489 1207 lavant;
512 1132 625 1214 gemitu
639 1152 744 1194 nemus
758 1152 844 1194 omne
858 1128 1010 1214 remugit:

97 1216 168 1278 Non
183 1217 271 1278 aliter
285 1216 359 1278 Tros
373 1217 497 1279 Aeneas
512 1223 544 1279 et
558 1217 695 1279 Daunius
709 1217 797 1279 heros

99 1300 289 1363 Concurrunt
303 1301 436 1385 clypeis3
459 1303 564 1384 ingens
578 1302 681 1384 fragor
696 1302 820 1365 aethera
834 1301 974 1385 complet.

97 1387 219 1470 Jupiter
233 1387 296 1469 ipse
312 1386 387 1449 duas
402 1394 529 1469 aequato
545 1389 679 1450 examine
692 1387 794 1450 lances

100 1470 245 1551 Sustinet,
261 1478 293 1533 et
306 1473 370 1535 fata
383 1473 507 1555 imponit
521 1473 640 1536 diversa
654 1473 792 1550 duorum,

98 1556 195 1630 Quem
210 1557 331 1619 damnet
345 1558 439 1637 labor,
455 1564 486 1621 et
500 1580 559 1641 quo
574 1564 680 1640 vergat
694 1557 826 1641 pondere
840 1556 945 1619 letum.

98 1641 217 1704 Emicat
231 1642 291 1720 hic,
306 1643 426 1726 impune
441 1650 561 1726 putans,
577 1650 609 1706 et
623 1664 746 1727 corpore
761 1649 824 1706 toto

98 1727 171 1789 Alte
187 1727 336 1790 sublatum
352 1729 504 1810 consurgit
519 1729 638 1792 Turnus
651 1729 683 1791 in
697 1749 810 1807 ensem,

98 1813 141 1874 Et
154 1812 233 1875 ferit.
279 1812 458 1876 Exclamant
471 1814 564 1877 Troes
579 1814 747 1898 trepidique
762 1811 873 1892 Latini,

98 1898 306 1980 Arreotaeque
322 1899 474 1961 amborum
489 1900 579 1962 acies.
624 1900 669 1962 At
684 1899 816 1983 perfidus
831 1898 910 1962 ensis

98 1983 272 2066 Frangitur,
287 1984 319 2046 in
332 1983 489 2066 medioque
505 1985 661 2048 ardentem
675 1985 787 2048 deserit
800 1985 875 2063 ictu,

99 2068 142 2130 Ni
155 2070 230 2152 suga
244 2069 373 2132 subsidio
388 2071 504 2133 subeat.
550 2071 643 2153 Fugit
656 2071 736 2134 ocior
752 2070 846 2149 Euro,

99 2154 145 2217 Ut
160 2157 299 2239 capulum
312 2155 445 2236 ignotum
461 2155 656 2238 dextramque
672 2156 809 2239 adspexit
822 2156 977 2218 inermem.

98 2240 193 2302 Fama
207 2247 263 2318 est,
280 2240 483 2323 praecipitem,
498 2263 591 2323 quum
605 2242 700 2325 prima
713 2242 745 2304 in
759 2241 871 2323 proelia
880 2242 1003 2325 junctos
1124 2261 1136 2272 ·

100 2324 327 2387 Cormccndebat
341 2346 444 2407 equos,
459 2328 555 2409 patric
569 2348 710 2390 mucrone
725 2326 839 2404 relicto,

99 2410 180 2472 Dum
194 2411 337 2493 trepidat,
352 2412 465 2473 ferrum
481 2414 602 2494 aurigae
617 2413 751 2495 rapuisse
767 2411 907 2486 Metisci3

98 2496 196 2579 quue
213 2497 275 2575 diu,
291 2497 360 2559 dum
375 2504 463 2579 terga
478 2498 589 2560 dabant
601 2498 733 2580 palantia
748 2497 869 2575 Teucri,

101 2582 245 2658 Suffecit3
268 2588 425 2665 postquam
440 2604 523 2646 arma
538 2584 586 2645 dei
601 2583 640 2645 ad
654 2583 805 2645 Vulcania
819 2589 941 2645 ventum
957 2588 1014 2662 est,

99 2667 236 2730 Mortalis
251 2688 363 2746 mucr0,
380 2669 490 2750 glacies
506 2689 562 2731 ceu
576 2669 680 2747 futilis,
694 2669 757 2731 ictu

99 2753 235 2815 Dissiluit
249 2774 256 2829 ;
280 2753 363 2815 fulva
377 2754 548 2836 resplendet
562 2754 699 2836 fragmen
714 2774 815 2816 arena.

99 2838 181 2920 Ergo
196 2859 298 2901 amens
313 2839 432 2901 diversa
445 2840 519 2921 fuga
533 2840 609 2922 petit
624 2860 754 2921 aequora
770 2839 900 2916 Turnus,

100 2924 142 2985 Et
155 2945 235 2986 nunc
249 2924 320 3003 huc,
335 2923 405 2986 inde
421 2925 480 2986 huc
494 2924 624 2987 incertos
638 2925 770 3008 implicat
785 2924 892 2986 orbes:

99 3009 241 3091 Undique
257 3009 335 3071 enim
350 3009 444 3072 densa
460 3010 568 3072 Teucri
581 3010 729 3072 inclusere
745 3030 864 3086 corona,

98 3096 203 3178 Atque
217 3095 287 3157 hinc
302 3101 388 3157 vasta
402 3097 498 3178 palus,
513 3096 582 3157 binc
598 3095 693 3157 ardua
707 3095 823 3157 moenia
838 3093 973 3175 cingunt.

142 3180 209 3241 Nec
225 3181 321 3242 minus
335 3180 469 3258 Aeneas,
485 3201 666 3263 quamquam
680 3181 819 3242 tardante
835 3180 946 3260 sagitta

99 3263 257 3327 Interdum
272 3286 372 3346 genua
385 3265 551 3347 impediunt
566 3287 745 3348 cursumque
761 3271 912 3343 recusant,

99 3350 282 3432 Insequitur,
298 3350 465 3432 trepidique
483 3351 590 3432 pedem
604 3351 681 3434 pede
697 3350 830 3413 fervidus
845 3355 976 3433 urguet:

99 3437 254 3500 Inclusum
268 3435 361 3497 veluti
378 3435 402 3495 si
418 3436 536 3517 quando
550 3437 671 3499 flumine
686 3443 793 3498 nactus

100 3522 242 3601 Corvum,
257 3528 310 3584 aut
324 3521 468 3604 puniceae
485 3528 602 3604 septum
618 3522 773 3584 formidine
789 3540 917 3604 pennae,
1096 3541 1144 3589 750

99 3607 236 3670 Venator
251 3628 341 3670 cursu
356 3607 437 3668 canis
453 3612 484 3668 et
498 3608 655 3670 latratibus
670 3608 762 3670 instat
775 3628 783 3683 ;

100 3692 156 3754 Ille
173 3699 285 3772 autem,
300 3692 412 3754 insidiis
428 3699 459 3754 et
474 3693 539 3775 ripa
554 3693 675 3756 territus
691 3694 763 3771 alta,

100 3777 186 3840 Mille
201 3778 280 3860 fugit
296 3777 466 3860 refugitque
483 3778 545 3841 vias
558 3799 566 3854 ;
590 3784 622 3840 at
637 3778 752 3842 vividus
768 3776 885 3840 Umber
