2496 4334
143 239 184 301 96
478 258 507 304 r.
531 259 672 306 vmcmn
693 259 838 306 uaeours

144 406 252 471 Omnia
265 415 332 473 tuta
345 410 440 490 vides,
457 411 581 474 classem
595 411 748 494 sociosque
763 417 910 494 receptos.

142 493 228 556 Unus
244 496 339 574 abest,
352 497 450 558 medio
464 497 603 558 inductu
618 518 707 578 quem
721 497 848 559 vidimus
862 497 919 578 ipsi

144 577 336 642 Submersum
349 601 357 657 ;
381 581 468 643 dictis
482 581 663 664 respondent
678 588 780 644 cetera
792 583 906 643 matris.

141 663 203 726 Vix
218 686 254 726 ea
267 666 347 728 fatus
363 672 438 745 erat,
455 688 546 748 quum
561 666 740 728 circumfirsa
755 673 879 749 repente

143 747 259 810 Scindit
273 771 305 813 se
320 752 425 829 nubes,
441 751 517 812 etin
532 752 655 813 aethera
668 758 778 833 purgat
795 757 941 833 apertum.

140 833 264 895 Restitit
277 835 410 914 Aeneas,
427 837 566 918 claraque
580 836 612 897 in
625 837 693 898 luce
708 837 835 914 refulsit,

142 917 184 980 Os
199 920 395 1003 humerosque
412 920 468 983 deo
484 921 604 983 similis:
629 941 757 1002 namque
772 921 837 1002 ipsa
851 919 990 982 decoram

141 1002 311 1067 Caesariem
326 1013 396 1068 nato
411 1006 558 1087 genetrix,
573 1007 733 1087 lumenque
743 1006 888 1088 juventae

140 1087 339 1170 Purpureum,
355 1098 386 1153 et
399 1092 493 1153 laetos
509 1091 600 1153 oculis
616 1089 731 1152 afflarat
745 1091 891 1152 honores:

101 1179 103 1183 '
140 1171 236 1244 Quale
250 1196 356 1237 manus
371 1175 487 1237 addunt
501 1176 582 1238 ebori
593 1176 696 1253 decus,
712 1181 765 1237 aut
778 1175 829 1237 ubi
842 1175 919 1238 flavo

139 1257 310 1338 Argentum
325 1260 469 1322 Pariusve
484 1261 559 1342 lapis
574 1259 776 1322 circumdatur
790 1281 873 1322 auro.

139 1341 215 1403 Tum
230 1344 272 1406 sic
287 1345 420 1426 reginam
436 1346 605 1427 alloquitur,
622 1346 796 1427 cunctisque
807 1350 931 1427 repente

138 1427 319 1509 Improvisus
334 1430 395 1492 ait:
421 1429 539 1509 Coram,
555 1451 644 1512 quem
659 1431 812 1512 quaeritis,
827 1430 932 1492 adsum

138 1511 244 1575 Troius
258 1514 391 1593 Aeneas,
408 1513 528 1598 Libycis
543 1521 663 1598 ereptus
678 1516 715 1576 ab
730 1516 828 1577 undis.

139 1595 166 1659 Ο
182 1599 244 1660 sola
257 1599 392 1662 infandos
407 1600 512 1683 Trojae
527 1600 667 1662 miserata
680 1601 807 1679 labores,

138 1680 222 1754 Quae
237 1705 301 1763 nos,
316 1685 456 1768 reliquias
472 1686 621 1764 Danaum,
636 1691 794 1767 terraeque
808 1684 969 1767 marisque,

139 1766 282 1831 Omnibus
297 1771 455 1832 exhaustos
464 1771 529 1853 jam
544 1771 671 1848 casibus,
687 1770 816 1832 omnium
831 1790 951 1851 egenos,

137 1850 233 1932 Urbe,
249 1853 345 1934 domo,
362 1855 477 1919 socias!
501 1861 601 1936 grates
616 1857 784 1937 persolvere
800 1854 905 1936 dignas

137 1937 207 1999 Non
223 1940 286 2021 opis
300 1955 344 2002 est
358 1948 488 2019 nostrae,
504 1940 594 2018 Dido,
609 1960 665 2002 neo
682 1940 826 2023 quidquid
840 1939 950 2022 ubique
966 1947 1012 2000 cst

138 2021 244 2100 Gentis
259 2025 442 2104 Dardaniae,
456 2045 597 2107 magnum
612 2046 689 2108 quae
704 2045 807 2107 sparsa
820 2045 875 2106 per
889 2025 1001 2086 orbem.

136 2106 176 2168 Di
192 2109 256 2188 tibi,
271 2110 295 2171 si
311 2130 371 2192 qua
385 2111 448 2192 pios
460 2117 631 2193 respectant
645 2110 777 2188 numina,
792 2109 818 2171 si
833 2110 905 2191 quid

136 2191 272 2273 Usquam
281 2195 399 2277 justitia
414 2202 460 2257 est
475 2202 506 2257 ct
519 2216 603 2256 mens
618 2195 673 2256 sibi
688 2195 806 2257 conscia
819 2194 906 2273 recti,

136 2276 275 2340 Praemia
289 2278 381 2360 digna
394 2280 502 2342 ferant.
549 2278 633 2352 Quae
648 2286 679 2341 te
694 2286 756 2342 tam
771 2281 852 2342 laeta
865 2281 999 2341 tulerimt

137 2359 291 2425 Saecula?
313 2364 364 2446 qui
379 2365 456 2426 tanti
469 2366 705 2446 talemgenucre
721 2363 887 2447 parentes?

79 2522 83 2530 ¹
134 2447 173 2508 In
186 2449 265 2510 freta
279 2449 350 2510 dum
363 2450 445 2512 fluvii
460 2456 592 2528 current,
608 2450 679 2511 dum
693 2450 840 2512 montibus
855 2450 977 2511 umbrae

134 2531 318 2618 11¹¹in
334 2554 476 2613 convexa,
491 2536 576 2616 polus
591 2535 662 2596 dum
676 2535 775 2597 sidera
789 2541 913 2616 pascet:

135 2616 260 2701 Semper
274 2619 376 2698 honos,
391 2640 557 2702 nomenque
572 2625 668 2697 tuum,
682 2620 846 2701 laudesque
860 2618 1033 2696 manebunt,

134 2701 218 2775 Quae
232 2725 280 2765 me
296 2725 422 2786 cumque
438 2711 546 2767 vocant
560 2709 668 2765 terrae.
716 2702 765 2766 Sic
781 2705 870 2783 fatus,
887 2705 1014 2767 amicum

132 2787 247 2850 Idonea
260 2790 335 2871 petit
350 2790 466 2867 dextra,
480 2791 625 2870 laevaque
643 2787 797 2850 Serestum
810 2809 817 2863 ;

132 2871 206 2934 Post
220 2874 303 2952 ahos,
317 2875 483 2955 fortemque
500 2872 600 2956 Gyan,
615 2874 781 2955 fortemque
799 2873 987 2936 Cloanthum.

177 2956 338 3040 Obstupuit
352 2959 446 3041 primo
462 2959 606 3040 adspectu
622 2957 744 3021 Sidonia
758 2958 847 3037 Dido,

134 3041 213 3104 Casu
228 3043 335 3105 deinde
351 3043 406 3104 viri
420 3049 525 3119 tanto;
548 3049 579 3105 et
594 3044 635 3105 sic
651 3064 702 3104 ore
716 3044 816 3105 locuta
831 3050 896 3105 cst:

132 3125 206 3199 Quis
221 3133 263 3205 te,
278 3134 348 3190 nate
364 3127 432 3206 dea,
447 3149 502 3210 per
516 3134 600 3190 tanta
614 3128 747 3209 pericula
762 3149 849 3190 casus

130 3210 329 3292 Insequitur?
352 3233 429 3294 quae
444 3213 488 3274 ris
502 3213 677 3274 immanibus
692 3212 821 3294 applicat
835 3211 919 3275 oris?

131 3294 215 3356 Tune
230 3296 279 3357 ille
294 3295 417 3358 Aeneas
436 3318 525 3378 quem
539 3297 692 3359 Dardanio
707 3296 859 3359 Anchisae

129 3379 221 3442 Alma
236 3381 342 3444 Venus
357 3381 482 3465 Phrygii
497 3383 601 3464 genuit
617 3381 775 3444 Simoentis
790 3382 829 3444 ad
844 3378 981 3443 undam?

129 3465 234 3548 Atque
248 3465 387 3549 equidem
401 3467 549 3529 Teucrum
564 3467 684 3529 memini
701 3466 812 3530 Sidona
825 3467 939 3545 venire,

128 3549 252 3613 Finibus
267 3552 422 3635 expulsum
435 3553 550 3634 patriis,
564 3573 642 3614 nova
656 3573 751 3633 regna
766 3558 919 3634 petentem

127 3633 249 3697 Auxilio
264 3637 352 3699 Beli:
377 3637 494 3719 genitor
508 3643 572 3699 tum
586 3637 679 3699 Belus
694 3638 820 3720 opimam

129 3720 278 3784 Vastabat
293 3721 438 3806 Cyprum,
454 3730 485 3785 et
499 3723 594 3785 victor
609 3722 719 3785 ditione
735 3724 866 3786 tenebat.
