2496 4334
472 284 631 332 arsames
654 286 718 332 ΗΒ.
742 286 790 333 ΙΧ.

98 433 206 499 Audiit
218 441 249 498 et
265 437 340 500 coeli
356 437 482 502 Genitor
497 437 534 500 de
550 444 635 521 parte
651 459 758 503 serena

98 519 235 583 Intonuit
249 522 384 586 laevum:
408 529 495 586 sonat
509 544 570 586 uua
583 524 684 586 fatifer
699 545 797 587 arcus.

100 604 214 687 Effirgit
228 607 410 671 horrendum
424 607 554 670 stridens
570 608 702 672 adducta
716 611 838 691 sagitta,

99 689 219 772 Perque
236 699 327 774 caput
343 693 463 755 Remuli
474 694 556 754 venit
571 700 602 756 et
617 714 691 757 cava
706 699 841 777 tempora
855 696 935 759 ferro

99 774 233 858 Trajieit.
278 777 308 854 I,
322 778 421 840 verbis
437 778 579 840 virtutem
593 778 685 841 illude
700 780 857 862 superbis!

98 858 152 921 Bis
168 861 248 942 eapti
263 860 327 923 Phr
349 883 402 944 ges
416 863 492 925 haee
508 863 628 926 Rutulis
642 885 785 946 responsa
799 866 965 929 remittunt.

99 943 166 1007 Hoo
183 951 300 1008 tantum
314 885 464 1010 Ascanius
477 967 486 1023 ;
508 947 618 1010 Teucri
634 949 762 1011 elamore
778 959 955 1034 sequuntur,

99 1028 288 1112 Laetitiaque
303 1032 435 1094 fremunt
450 1033 622 1115 animosque
637 1032 675 1094 ad
690 1033 790 1096 sidera
803 1037 921 1098 tollunt.

98 1113 245 1177 Aetheria
260 1122 323 1178 tum
338 1117 414 1180 forte
429 1118 519 1200 plaga
534 1117 657 1180 crinitus
673 1115 782 1200 Apollo

99 1197 238 1281 Desuper
251 1199 402 1264 Ausonias
417 1203 496 1265 acies
510 1202 675 1285 urbemque
690 1202 821 1282 videbat,

98 1281 189 1346 Nube
204 1283 322 1364 sedens,
339 1294 429 1370 atque
444 1287 490 1349 his
506 1287 649 1349 victorem
664 1287 773 1350 affatur
787 1288 908 1352 Iulumz

98 1367 201 1430 Macte
217 1391 294 1433 nova
305 1371 428 1451 virtute,
443 1393 539 1454 puer:
563 1372 605 1434 sic
620 1371 681 1433 itur
696 1372 735 1434 ad
750 1379 842 1451 astra,

99 1452 154 1515 Dis
169 1454 270 1535 genite
286 1461 318 1517 et
332 1457 468 1538 geniture
485 1456 567 1519 deos.
611 1455 633 1518 J
634 1477 688 1519 ure
704 1457 803 1520 omnia
812 1458 892 1522 bella

101 1535 199 1600 Gente
214 1539 270 1601 sub
284 1540 429 1605 Assaraci
442 1542 505 1604 fato
520 1546 648 1604 ventura
661 1542 806 1621 resident,

99 1621 132 1684 N
133 1642 167 1685 ee
182 1629 212 1685 te
228 1624 318 1708 Troja
329 1627 419 1709 capit.
467 1624 563 1688 Simul
575 1626 651 1688 haee
667 1626 773 1689 effatus
787 1627 825 1690 ab
840 1627 901 1690 alto

98 1706 234 1770 Aethere
248 1729 281 1771 se
296 1711 398 1789 mittit,
409 1711 557 1794 spirantes
572 1710 703 1773 dimovet
712 1710 817 1790 auras,

99 1790 324 1877 Ascaniumque
338 1797 415 1878 petit
427 1816 436 1872 ;
458 1796 583 1858 formam
595 1801 660 1857 tum
671 1797 799 1858 vertitur
813 1797 871 1860 oris

99 1876 267 1960 Antiquum
280 1879 312 1941 in
327 1880 438 1943 Buten.
484 1879 545 1942 Hie
566 1879 719 1943 Dardanio
734 1880 887 1945 Anchisae

99 1960 242 2044 Armiger
257 1971 326 2026 ante
341 1965 399 2027 fuit
412 1964 549 2046 fidusque
565 1964 605 2027 ad
618 1965 720 2028 limina
731 1973 850 2042 eustos3

100 2045 176 2107 Tum
191 2048 328 2110 comitem
342 2049 474 2113 Ascanio
488 2055 575 2132 pater
590 2049 715 2111 addidit.
760 2051 831 2113 Ibat
844 2050 954 2134 Apollo

102 2129 211 2193 Omnia
223 2133 368 2215 longaevo
383 2135 495 2212 similis,
511 2154 674 2216 vocemque
690 2135 877 2219 coloremque

99 2214 142 2278 Et
157 2216 254 2279 on'nes
268 2218 349 2282 albos
364 2224 396 2282 et
410 2239 500 2281 saeva
515 2219 667 2282 sonoribus
682 2240 785 2296 arma3

98 2300 205 2383 Atque
219 2301 265 2364 his
280 2303 435 2367 ardentem
451 2304 537 2367 dictis
552 2305 660 2366 affatur
674 2304 792 2367 Iulum:

102 2384 150 2449 Sit
164 2386 247 2466 satis,
261 2387 394 2467 Aenide,
409 2389 475 2450 telis
490 2389 610 2470 impune
626 2388 800 2450 Numanum

102 2469 271 2553 Oppetiissc
287 2474 367 2537 tuis:
392 2474 517 2556 primam
530 2473 608 2535 hane
624 2473 678 2534 tibi
691 2493 817 2555 magnus
833 2473 942 2556 Apollo

102 2554 248 2618 Concedit
261 2557 392 2638 laudem,
404 2565 436 2620 et
450 2558 570 2640 paribus
584 2579 644 2620 non
658 2558 772 2620 invidet
787 2558 875 2620 armis
888 2577 896 2634 ;

101 2639 213 2703 Cetera
227 2663 329 2724 parce,
344 2665 430 2726 puer,
441 2644 529 2705 bello.
576 2641 626 2706 sio
638 2664 723 2706 orsus
737 2643 847 2725 Apollo

100 2725 245 2789 Mortales
258 2728 356 2790 medio
372 2728 531 2810 adspectus
546 2749 680 2791 sermone
696 2729 827 2811 reliquit,

100 2809 143 2872 Et
157 2813 260 2893 procul
274 2813 306 2874 in
321 2820 442 2875 tenuem
457 2833 495 2874 ex
509 2813 600 2874 oculis
617 2814 739 2876 evanuit
753 2834 866 2875 auram.

99 2894 262 2976 Agnovere
278 2898 369 2960 deum
384 2918 522 2981 proceres
537 2897 696 2981 divinaque
712 2900 772 2961 tela

100 2980 306 3060 Dardanidae,
320 2983 551 3066 pharetramque
566 2983 639 3064 fuga
655 3005 775 3046 sensere
790 2989 954 3046 sonantem.

100 3064 184 3146 Ergo
200 3067 319 3129 avidum
334 3088 453 3150 pugnae
468 3066 557 3129 dictis
572 3088 607 3129 ac
622 3069 742 3131 numine
758 3068 873 3131 Phoebi

100 3148 266 3213 Ascanium
281 3152 449 3234 prohibent,
463 3152 519 3235 ipsi
533 3151 565 3213 in
580 3152 744 3214 certamina
759 3173 862 3214 rursus

103 3232 288 3314 Succedunt,
304 3237 476 3319 animasque
491 3237 522 3298 in
537 3243 642 3319 aperta
656 3237 789 3318 pericula
802 3238 935 3300 mittrmt.

100 3319 133 3380 It
147 3321 258 3382 clamor
272 3322 341 3383 totis
356 3342 411 3405 per
425 3323 648 3404 propugnacula
662 3321 754 3384 muris
768 3342 776 3398 ;

100 3405 268 3468 Intendunt
283 3427 368 3469 acres
384 3427 482 3485 arcus,
494 3414 672 3490 amentaque
687 3413 838 3490 torquent.

103 3488 256 3553 Sternitur
270 3513 356 3554 omne
372 3493 466 3554 solum
483 3493 569 3568 telis3
592 3499 656 3554 tum
670 3498 756 3555 scuta
771 3513 924 3576 cavaeque

100 3575 185 3636 Dant
199 3577 327 3638 sonitum
341 3578 424 3639 flictu
441 3578 544 3658 galeae
558 3599 565 3638 :
590 3598 692 3660 pugna
706 3598 813 3659 aspera
827 3576 934 3657 surgit,

101 3657 238 3730 Quantus
253 3662 290 3723 ab
306 3682 415 3724 occasu
430 3662 552 3724 veniens
567 3662 744 3744 pluvialibus
759 3661 876 3723 Haedis

100 3743 253 3808 Verberat
266 3746 361 3810 imber
375 3748 509 3893 huqqupn,
524 3766 614 3831 quam
629 3747 724 3809 multa
739 3745 883 3829 grandine
899 3743 990 3807 nimbi
