2496 4334
85 279 146 344 ·14
442 296 471 342 P.
496 296 639 342 umorum
660 294 806 343 nunonis

105 450 224 531 Omnia,
242 452 350 534 etipse
366 457 452 514 tener
466 450 570 512 mundi
586 451 772 514 concreverit
787 451 885 527 orbis3

104 536 182 601 Tum
199 540 307 601 durare
323 538 417 600 solum
433 544 464 598 et
479 537 647 599 discludere
665 537 769 600 Nerea
783 544 873 620 ponto

105 623 256 706 Coeperit,
273 630 304 686 et
319 645 420 685 rerum
436 623 591 705 paullatim
605 644 723 685 sumere
738 624 869 699 formas;

102 710 233 792 Jamque
247 731 358 771 novum
372 716 472 770 terrae
488 714 629 791 stupeant
643 709 797 771 lucescere
812 710 915 786 solem,

102 794 204 857 Altius
220 802 309 878 atque
326 795 436 857 cadant
451 795 602 856 summotis
615 794 744 856 nubibus
759 795 868 856 imbres
882 813 890 869 ;

103 880 254 963 Incipiaut
268 881 359 942 silvae
376 881 586 962 cumprimum
601 901 737 962 surgere,
753 900 905 963 quumque
993 956 994 960 Ἰ

102 967 185 1029 Rara
200 988 254 1048 per
268 967 388 1048 ignaros
404 973 506 1028 errent
521 966 660 1027 animalia
673 972 800 1028 montes.

103 1051 184 1113 Hinc
199 1053 313 1134 lapides
328 1052 465 1135 Pyrrhae
476 1053 586 1134 jactos,
604 1050 746 1113 Saturnia
760 1072 866 1132 regna,

105 1137 324 1220 Caucasiasque
339 1138 434 1198 refert
448 1138 595 1214 volucres,
610 1137 783 1218 furtumque
800 1136 981 1199 Promethei.

102 1223 160 1285 His
176 1224 323 1307 adjungit,
339 1221 445 1302 Hylan
459 1229 569 1284 nautae
585 1242 644 1303 quo
659 1222 741 1284 fonte
756 1223 895 1284 relictum

103 1307 302 1387 Clamassent,
317 1314 352 1370 ut
366 1309 448 1385 litus,
463 1307 558 1390 Hyla,
575 1307 670 1391 Hyla,
686 1329 771 1370 omne
788 1313 929 1383 sonaret3

102 1393 144 1456 Et
158 1394 351 1472 fortunatam,
367 1394 392 1456 si
406 1414 560 1474 nunquam
574 1399 711 1455 armenta
724 1394 862 1472 fuissent,

102 1479 274 1562 Pasiphaen
287 1480 367 1541 nivei
384 1479 496 1540 solatur
511 1499 611 1541 amore
622 1479 756 1562 juvenci.

101 1564 165 1643 Ah,
180 1565 264 1647 virgo
279 1565 393 1643 infelix,
408 1585 486 1646 quae
503 1570 532 1626 te
548 1564 700 1626 dementia
716 1564 817 1647 cepit!

102 1649 259 1713 Proetides
273 1651 435 1732 implerunt
449 1650 531 1711 falsis
546 1650 707 1731 mugitibus
723 1671 810 1732 agros
824 1674 831 1713 :

100 1733 148 1798 At
161 1758 221 1798 non
235 1743 297 1798 tam
312 1742 415 1817 turpes
429 1735 580 1816 pecudum
594 1742 695 1797 tamen
710 1736 771 1798 ulla
785 1742 889 1800 secuta
904 1741 951 1798 est

104 1819 296 1900 Concubitus,
313 1821 447 1903 quamvis
461 1822 535 1882 collo
550 1820 697 1883 timuisset
712 1828 856 1901 aratrum,

101 1905 144 1968 Et
158 1927 247 1989 saepe
262 1906 294 1968 in
308 1907 386 1968 laevi
402 1907 567 1988 quaesisset
583 1927 695 1968 cornua
710 1906 818 1970 fronte.

100 1991 164 2071 Ah,
180 1994 264 2074 virgo
278 1991 392 2071 infelix,
408 2000 442 2053 tu
456 2013 536 2053 nunc
550 1992 582 2053 in
596 1992 745 2054 montibus
760 2013 864 2056 erras:

100 2077 169 2156 Ille,
184 2078 262 2140 latus
277 2078 397 2139 niveum
411 2078 492 2139 molli
507 2078 600 2140 fultus
615 2077 788 2160 hyacintho,

101 2162 176 2225 Ilice
191 2163 246 2226 sub
261 2164 349 2245 nigra
363 2164 509 2245 pallentes
524 2163 654 2225 ruminat
665 2157 777 2226 herbas
791 2185 798 2240 ;

99 2247 167 2310 Aut
176 2249 306 2332 aliquam
315 2249 464 2330 inmagno
474 2248 609 2330 sequitur
618 2269 722 2330 grege.
764 2248 914 2327 Claudite,
926 2248 1099 2335 Nymphae,
1111 2269 1144 2318 55

100 2334 246 2397 Dictaeae
262 2333 435 2417 Nymphae,
450 2355 605 2396 nemorum
615 2335 680 2417 jam
695 2335 825 2397 claudite
841 2336 934 2398 saltus
947 2355 956 2413 ;

103 2419 136 2482 Si
151 2440 211 2502 qua
225 2420 303 2482 forte
317 2420 417 2481 ferant
431 2419 523 2481 oculis
538 2440 604 2481 sese
620 2420 707 2482 obvia
720 2421 829 2483 nostris

100 2505 281 2568 Errabunda
293 2504 377 2568 boris
391 2505 536 2586 vestigia:
560 2505 694 2568 forsitam
707 2506 802 2585 illum,

98 2589 165 2653 Aut
179 2591 274 2654 herba
288 2597 410 2674 captum
424 2590 523 2668 viridi,
539 2598 592 2653 aut
606 2598 742 2655 armenta
757 2598 904 2670 secutum,

99 2676 274 2738 Perduoant
288 2677 405 2759 ahquac
421 2677 539 2738 stabula
553 2676 592 2738 ad
609 2675 757 2760 Gortynia
771 2698 894 2740 vaccae.
1111 2698 1142 2748 ω

99 2761 177 2822 Tum
192 2761 272 2823 canit
287 2761 492 2842 Hesperidum
505 2761 643 2823 miratam
657 2763 737 2824 mala
751 2765 882 2846 puellam
895 2782 903 2840 ;

99 2846 176 2908 Tum
191 2845 447 2909 Phaethontiadas
462 2867 564 2908 musco
580 2847 747 2910 circumdat
761 2870 881 2912 amarae

100 2931 238 3011 Corticis,
254 2938 345 3014 atque
360 2932 422 2993 solo
436 2952 577 3013 proceras
593 2932 682 3013 erigit
696 2935 789 2996 alnos.

98 3017 175 3079 Tum
190 3018 281 3096 canit,
297 3023 448 3080 errantem
463 3017 613 3080 Permessi
630 3017 669 3080 ad
682 3019 805 3083 flumina
820 3018 942 3084 Callum

97 3102 201 3166 Aonas
216 3104 248 3166 in
262 3109 377 3166 montes
392 3109 427 3165 ut
441 3103 561 3165 duxerit
575 3124 637 3166 una
650 3125 784 3167 sororum
792 3125 800 3182 ;
1109 3125 1142 3176 65

97 3186 201 3271 thue
217 3189 281 3252 viro
295 3188 410 3251 Phoebi
425 3189 533 3250 chorus
549 3188 753 3253 adsurrexerit
767 3192 861 3255 omnis
874 3212 883 3270 3

98 3272 143 3336 Ut
157 3275 250 3337 Linus
264 3275 340 3337 haec
355 3274 409 3352 illi,
425 3273 524 3336 divino
540 3275 671 3338 carmine
687 3283 798 3359 pastor,

97 3358 234 3422 Floribus
250 3367 340 3443 atque
357 3360 423 3442 apio
438 3359 536 3422 crines
551 3367 673 3423 ornatus
688 3383 801 3442 amaro,

97 3444 236 3508 Dixerit:
260 3446 327 3508 Hos
342 3445 395 3507 tibi
411 3445 482 3507 dant
498 3446 638 3525 calamos,
654 3468 692 3508 en
707 3448 822 3531 accipe,
837 3447 958 3528 Musae,

96 3529 233 3594 Ascraeo
249 3553 323 3614 quos
338 3539 408 3593 ante
423 3531 507 3607 seni3
532 3532 638 3614 quibus
653 3533 702 3594 ille
718 3535 833 3597 solebat
1110 3555 1141 3603 70

100 3614 256 3679 Cantando
271 3617 383 3699 rigidas
399 3617 550 3680 deducere
565 3618 713 3680 montibus
728 3641 825 3683 ornos.

97 3701 156 3764 His
170 3703 224 3764 tibi
240 3701 357 3787 Grynei
369 3703 499 3765 nemoris
515 3703 633 3765 dicatur
648 3704 751 3786 origo:

96 3786 129 3850 N
131 3808 147 3852 e
162 3788 229 3872 quis
244 3789 283 3852 sit
296 3789 393 3869 lucus,
409 3810 467 3872 quo
483 3809 514 3853 se
530 3789 597 3873 plus
607 3791 705 3874 jactet
719 3789 839 3874 Apollo.
