2496 4334
107 325 171 389 154
466 343 496 388 1.
519 342 661 388 11001111
682 341 826 387 11100010

107 497 198 559 Ferte
214 497 265 558 citi
281 498 424 575 flammas,
441 496 510 558 date
526 497 603 575 vela,
618 496 761 578 impellite
777 517 883 558 remos.
899 532 939 546 -

108 581 188 654 Quid
203 581 330 664 loquor?
347 589 400 644 aut
410 583 461 643 ubi
476 580 567 644 sum?
609 580 693 653 Quae
705 588 836 644 mentem
847 583 962 645 10001110
974 583 1148 646 mutat?-

108 668 217 728 Infelix
232 667 311 729 Dido
324 667 331 731 1
356 688 434 729 nuno
450 674 479 728 te
495 667 577 729 facta
591 667 681 750 impia
696 666 849 748 tangunt?
1100 688 1147 736 596

108 753 184 813 'lum
200 753 311 828 decuit,
329 774 421 835 quum
437 758 556 834 sceptra
571 751 674 814 (101100.
690 751 791 814 —En
806 753 913 815 dextra
926 753 1074 835 fidesque,

13 905 18 912 ,
109 837 205 910 Quem
221 859 322 900 secum
337 838 448 920 patrios
463 838 547 899 aiunt
561 843 680 920 portare
696 838 838 917 Ρο00000,

108 921 205 994 Quem
220 923 343 985 subiisse
358 923 488 985 humeris
504 923 673 985 confectum
688 929 787 985 aetate
802 930 958 1006 parentem
971 923 978 987 l
990 960 1036 972 —

107 1007 178 1069 Non
193 1009 275 1090 potui
291 1009 447 1091 abreptum
463 1007 604 1070 divellere
619 1029 737 1091 corpus,
753 1015 785 1070 00
798 1008 886 1071 undis
1098 1027 1146 1076 600

109 1092 286 1174 Spargere?
309 1115 369 1155 non
383 1095 487 1172 socios,
502 1114 562 1155 non
576 1093 673 1175 ipsum
688 1094 843 1156 absumere
859 1094 939 1156 ferro

106 1178 282 1256 Ascanium,
298 1180 461 1261 patriisque
477 1179 657 1260 epulandum
671 1199 781 1261 ponere
796 1179 906 1241 mensis
919 1178 985 1240 1-

107 1262 223 1325 Verum
238 1285 348 1347 anceps
363 1285 481 1346 pugnae
496 1264 595 1325 fuerat
611 1264 740 1326 fortuna.
755 1265 930 1335 -Fuisset
943 1285 950 1340 ;

107 1347 204 1421 Quem
218 1350 312 1411 metui
325 1347 495 1412 moritura?
538 1349 635 1411 Faces
649 1349 679 1410 in
695 1355 794 1411 castra
810 1351 954 1428 tulissem,

105 1434 340 1516 Implessemque
356 1436 434 1497 foros
449 1434 584 1511 flammis,
599 1440 762 1516 natumque
777 1441 953 1518 patremque
1098 1455 1145 1503 005

107 1518 184 1581 Cum
199 1541 309 1601 genere
326 1520 486 1598 extinxem,
501 1525 612 1581 memet
626 1520 796 1602 super'ipsa
811 1520 970 1583 dedissem.
983 1556 1028 1567 —

108 1603 170 1683 Sol,
186 1606 237 1687 qui
252 1612 400 1667 terrarum
414 1604 539 1666 flammis
554 1625 646 1687 opera
660 1605 759 1667 010010
772 1604 893 1684 lustras,

105 1689 211 1772 Tuque
225 1690 330 1752 harum
346 1691 493 1773 interpres
508 1710 648 1752 curarum
663 1696 694 1752 ct
707 1690 827 1753 conscia
840 1691 934 1771 June,
993 1703 1012 1754 .’

105 1775 328 1858 Nocturnisque
343 1776 462 1838 Hecate
477 1775 571 1838 triviis
586 1776 701 1838 ululata
714 1797 769 1859 per
783 1777 884 1856 urbes,

105 1861 147 1922 Et
161 1861 253 1923 Dirae
269 1862 403 1941 ultrices,
418 1868 449 1923 00
464 1861 494 1923 di
509 1861 660 1923 morientis
676 1861 802 1939 Elissae,
1096 1878 1143 1928 610

103 1946 244 2029 Accipite
259 1947 345 2026 haee,
360 1947 557 2029 meritumque
572 1947 657 2009 malis
672 1947 820 2009 advertite
835 1968 958 2026 numen,

104 2031 146 2094 Et
160 2040 277 2095 nostras
293 2033 393 2096 audite
408 2053 523 2116 preces.
571 2030 604 2095 Si
619 2039 743 2114 tangere
760 2039 862 2115 portus

103 2117 265 2180 Infandum
280 2126 370 2200 caput
385 2138 419 2181 ac
435 2119 523 2180 terris
538 2117 649 2180 adnare
664 2138 787 2180 0000000
800 2124 856 2196 000,

104 2203 145 2266 Et
159 2204 201 2266 sie
216 2205 279 2265 fata
293 2204 315 2266 J
316 2204 377 2266 ovis
393 2209 529 2286 poscunt,
544 2203 592 2264 hio
608 2203 751 2265 terminus
766 2203 870 2265 haeret
883 2222 892 2279 ;

102 2288 148 2350 At
162 2289 239 2350 bello
254 2288 375 2351 audacis
391 2289 491 2371 populi
505 2295 630 2350 vexatus
646 2295 677 2350 ct
692 2288 792 2368 armis,
1094 2305 1142 2354 615

102 2373 224 2436 Finibus
240 2374 375 2452 extorris,
391 2375 546 2455 complexu
560 2374 680 2436 avulsus
696 2373 765 2452 Iuli,

101 2459 257 2521 Auxilium
272 2460 419 2541 imploret,
435 2459 595 2541 videatque
609 2458 733 2540 indigna
748 2479 868 2521 suorum

101 2543 244 2620 Funera3
267 2566 335 2623 000,
351 2566 443 2627 quum
457 2566 489 2607 se
505 2545 559 2606 sub
573 2545 657 2626 leges
672 2544 753 2626 pacis
768 2544 887 2626 iniquae

101 2630 281 2708 Tradiderit,
297 2652 390 2711 regno
407 2637 459 2692 aut
473 2635 575 2712 optata
588 2631 655 2691 luce
670 2630 799 2708 fruatur,

103 2714 165 2778 Sed
180 2716 268 2778 cadat
283 2722 352 2778 aute
369 2716 457 2794 diem,
472 2715 629 2797 mediaque
644 2715 815 2776 inhumatus
830 2735 931 2776 01000.
1093 2733 1141 2782 sao

99 2801 187 2863 Haec
202 2822 328 2883 precor:
352 2801 429 2863 hanc
445 2821 548 2862 vocem
563 2807 726 2862 extremam
740 2821 808 2862 cum
823 2799 967 2882 sanguine
982 2799 1087 2862 fundo.
1164 2869 1166 2873 y

100 2885 177 2947 Tum
192 2907 254 2963 voe,
269 2907 286 2947 o
302 2886 396 2969 Tyrii,
411 2886 533 2969 stirpem
549 2891 580 2946 et
595 2906 689 2967 genus
704 2906 789 2947 omne
805 2886 940 2946 futurum

100 2971 249 3033 Exercetc
267 2971 351 3049 odiis,
368 2971 519 3053 cinerique
534 2971 608 3032 haec
623 2971 731 3032 mittite
746 2976 847 3033 nostro

98 3056 238 3119 Munera.
283 3057 394 3119 Nullus
409 3078 491 3119 amor
505 3056 619 3138 populis
634 3076 689 3118 nec
705 3056 828 3119 foedera
842 3061 940 3118 sunto.

98 3143 241 3204 Exoriare
258 3143 364 3225 aliquis
378 3142 486 3205 nostris
501 3163 538 3203 ex
553 3141 665 3203 ossibus
680 3142 770 3219 ultor,
1093 3163 1140 3208 005

98 3225 158 3298 Qui
172 3228 238 3289 face
255 3228 423 3290 Dardanios
437 3229 576 3308 ferroque
592 3247 718 3309 sequare
735 3227 864 3305 colonos,

98 3312 200 3391 Nunc,
216 3313 295 3391 olim,
311 3333 498 3395 quocumque
514 3312 673 3374 (1011110000
689 3318 820 3394 tempore
836 3312 924 3375 vires.

97 3397 200 3460 Litora
215 3398 349 3471 litoribus
365 3397 524 3475 contraria,
539 3397 677 3459 fluctibus
692 3397 788 3459 undas

96 3484 262 3567 Impreeor,
278 3504 361 3545 arma
376 3483 486 3559 011010;
509 3488 644 3564 pugnent
658 3481 773 3564 ipsique
788 3487 983 3565 nepotesque.

140 3570 227 3630 Haec
243 3569 295 3647 ait,
312 3576 343 3630 et
358 3575 458 3650 partes
474 3569 604 3629 animum
619 3567 803 3629 10100110οἾ0
818 3588 930 3647 001000,
1090 3590 1137 3634 030

96 3655 228 3716 Invisam
243 3675 389 3736 quaerens
405 3653 621 3735 quamprimum
636 3652 811 3734 abrumpere
827 3655 936 3715 lucem.

96 3740 172 3801 Tum
186 3739 318 3801 breviter
333 3740 452 3800 Barcen
467 3737 614 3798 nutricem
629 3738 718 3798 affata
734 3735 884 3822 Sychaei:

95 3824 235 3907 Namque
251 3844 335 3887 00010
349 3823 446 3907 patria
461 3823 584 3905 antiqua
599 3821 672 3884 cinis
687 3828 752 3884 ater
766 3824 916 3886 habebat:
