2496 4334
454 276 615 325 assumes
637 278 702 325 urs.
727 278 789 326 x11.
1076 263 1138 329 321

100 432 176 496 Tres
190 451 249 493 ιιιιο
265 451 438 513 congressu,
453 437 484 495 et
497 438 645 495 maestum
659 433 750 495 mittit
766 432 899 517 Onyten,

99 517 221 580 Nomen
246 517 448 616 Echionium,
448 539 497 580 ma
498 519 610 600 trisque
626 539 721 600 genus
734 519 894 597 Peridiae·
1090 546 1138 594 515

99 603 161 665 Hic
178 603 239 665 frat
226 608 287 664 tres
302 600 397 686 Lycia
411 604 515 665 missos
530 624 546 666 e
548 603 722 686 tApollinis
738 606 829 685 agris,

98 687 166 750 Et
152 708 295 785 juvenem
311 708 432 749 exosum
445 688 649 770 nequidquam
662 689 741 751 bella
756 689 929 769 Menoeten,

97 772 273 850 Arcada,
246 793 378 854 piscosae
395 773 443 835 cui
458 773 570 836 circum
584 774 705 836 flumina
720 773 836 838 Lernae

98 857 161 920 Ars
176 858 276 920 fuerat
263 864 463 940 tpauperque
480 858 595 936 domus,
609 879 666 920 nec
681 866 752 922 nota
766 866 921 941 potentum

98 942 240 1021 Munera,
257 943 465 1024 conductaque
480 949 567 1026 pater
581 944 688 1005 tellure
703 945 832 1008 serebat.

97 1028 148 1091 Ac
163 1029 246 1090 velut
260 1028 382 1090 immissi
397 1027 520 1090 diversis
535 1028 669 1111 partibus
684 1029 769 1110 ignes

97 1113 247 1175 Arentem
261 1115 292 1176 in
307 1114 411 1176 silvam
427 1119 457 1176 et
469 1114 599 1194 virgulta
613 1115 749 1176 sonantia
762 1115 847 1178 lauro
860 1136 868 1193 ;

97 1198 166 1261 Aut
180 1199 231 1260 ubi
246 1198 375 1261 decursu
390 1198 493 1281 rapido
509 1198 546 1260 de
561 1200 709 1261 montibus
725 1201 793 1262 altis

98 1283 182 1346 Dant
197 1283 324 1346 sonitum
339 1283 468 1366 spumosi
483 1304 596 1362 amnes,
612 1289 643 1346 et
656 1284 688 1345 in
703 1304 834 1366 aequora
851 1291 985 1364 currunt,

98 1367 232 1450 Quisque
248 1389 333 1431 suum
349 1369 506 1451 populatus
520 1369 596 1430 iter:
620 1390 679 1430 non
694 1369 815 1450 segnius
830 1371 916 1432 ambo
1045 1447 1047 1451 y

97 1453 221 1515 Aeneas
236 1454 414 1535 Turnusque
429 1459 520 1514 ruunt
535 1473 588 1535 per
603 1454 735 1535 proeha3
757 1475 848 1534 nunc,
862 1475 942 1517 nunc

97 1538 242 1600 Fluctuat
255 1538 301 1600 ira
314 1538 395 1599 intus
408 1557 416 1612 ;
432 1544 610 1620 rumpuntur
624 1538 726 1600 nescia
740 1539 819 1600 vinci

98 1623 229 1685 Pectora
241 1643 250 1699 ;
272 1643 351 1687 nunc
367 1623 437 1684 totis
451 1623 482 1684 in
496 1623 621 1684 vulnera
636 1623 748 1685 viribus
762 1623 834 1685 itur.

97 1707 276 1770 Murranum
291 1708 352 1786 hic,
368 1713 470 1769 atavos
485 1712 516 1769 et
531 1728 652 1769 avorum
667 1707 789 1789 antiqua
803 1714 957 1771 sonantem
974 1719 978 1728 “

98 1792 240 1871 Nomina,
252 1814 307 1875 per
321 1812 468 1873 regesque
484 1799 584 1854 actum
600 1812 694 1874 genus
710 1814 796 1854 omne
811 1793 944 1874 Latinos,

98 1878 299 1960 Praecipitem
314 1878 434 1959 scopulo
449 1883 539 1959 atque
555 1877 685 1959 ingentis
699 1878 817 1940 turbine
832 1879 896 1941 saxi

98 1962 234 2041 Excutit,
246 1961 430 2044 effunditque
445 1963 526 2037 solo;
548 1962 627 2024 hunc
642 1963 707 2024 lora
722 1968 752 2023 et
761 1964 838 2046 juga
852 1964 956 2026 subter

98 2047 279 2109 Provolvere
296 2053 401 2122 rotae;
426 2046 530 2108 crebro
545 2067 635 2129 super
649 2048 762 2128 ungula
777 2049 865 2129 pulsu

98 2131 198 2197 Incita
211 2153 267 2194 nec
284 2131 392 2194 domini
406 2151 569 2193 memorum
584 2132 738 2213 proculcat
753 2152 907 2213 equorum.

97 2216 155 2280 Ille
171 2217 270 2278 ruenti
284 2216 378 2300 Hyllo
393 2217 556 2298 animisque
571 2216 698 2278 immane
714 2216 853 2278 frementi

100 2301 252 2380 Occurrit,
267 2302 419 2382 telumque
435 2308 540 2363 aurata
556 2301 594 2363 ad
609 2309 743 2383 tempora
758 2308 898 2384 torquet:

100 2385 161 2448 Olli
175 2408 229 2469 per
243 2388 360 2468 galeam
373 2386 432 2447 fixo
447 2387 531 2448 stetit
544 2386 632 2448 hasta
647 2386 779 2448 cerebro.

98 2471 234 2534 Dextera
247 2492 304 2533 nec
320 2477 372 2533 tua
388 2477 430 2549 te,
447 2469 571 2533 Graium
585 2471 754 2549 fortissime,
766 2469 909 2551 Oretheu,

99 2556 219 2639 Eripuit
233 2556 334 2618 Turno
347 2577 355 2632 ;
378 2577 433 2617 nec
450 2554 479 2616 di
491 2562 594 2617 texere
607 2553 792 2637 Cupencum,

97 2641 207 2703 Aenea
221 2642 370 2720 veniente,
386 2640 432 2703 sui
445 2660 453 2715 ;
477 2639 560 2702 dedit
574 2640 660 2702 obvia
674 2641 753 2702 ferro

98 2726 239 2804 Pectora,
254 2746 309 2789 nec
325 2726 431 2788 misero
446 2725 544 2808 clypei
558 2746 641 2786 mora
655 2725 764 2807 profuit
779 2726 869 2788 aerei.

98 2811 142 2873 Te
159 2831 276 2893 quoque
292 2810 458 2873 Laurentes
473 2809 624 2888 viderunt,
639 2809 747 2888 Aeole,
760 2810 857 2892 campi

100 2895 264 2978 Oppetere,
275 2902 306 2958 et
320 2898 380 2958 late
395 2902 507 2957 terram
522 2901 712 2957 consternere
727 2901 834 2976 tmg03

100 2980 233 3059 Occidis,
247 2981 382 3063 Argivae
398 3001 487 3063 quem
501 2999 561 3041 non
575 2987 700 3062 potuere
716 2980 878 3062 phalanges

100 3065 254 3144 Sternere,
270 3087 326 3128 nec
342 3065 455 3127 Priami
469 3085 630 3146 regnorum
645 3084 764 3126 eversor
778 3065 913 3126 Achilles
926 3083 935 3140 3

97 3151 160 3212 Hic
175 3150 229 3213 tibi
243 3152 345 3213 mortis
360 3156 446 3213 erant
460 3156 570 3228 metae,
583 3149 686 3212 domus
701 3150 762 3211 alta
776 3150 830 3212 sub
846 3148 914 3228 Ida,

98 3236 227 3318 Lyrnesi
242 3236 345 3298 domus
360 3237 432 3313 alta,
447 3236 508 3297 solo
523 3234 674 3296 Laurente
690 3235 869 3316 sepulcrum.

98 3322 192 3383 Totae
209 3321 283 3383 adeo
299 3340 460 3383 conversae
476 3319 566 3397 acies,
582 3339 741 3401 omnesque
757 3318 868 3398 Latini,

100 3405 212 3468 Omnes
227 3405 420 3467 Dardanidae
424 3404 635 3483 ,Mnestheus
652 3424 781 3486 acerque
799 3403 950 3484 Serestus,

99 3491 141 3552 Et
128 3491 314 3573 tMessapus
329 3512 439 3572 equum
454 3489 636 3567 domitor,ct
624 3489 734 3551 tfortis
749 3490 860 3567 Asilas,

99 3577 323 3657 Tuscorumque
339 3577 479 3673 phalanx,
495 3573 686 3719 Evandtrique
701 3573 840 3635 Arcades
856 3574 931 3635 alae.

98 3661 160 3723 Pro
176 3682 207 3722 se
223 3661 348 3742 quisque
364 3661 420 3723 viri
435 3680 549 3721 summa
563 3659 699 3719 nituntur
715 3678 803 3755 opum
818 3656 869 3731 vi;

97 3745 131 3808 N
133 3765 167 3808 ec
182 3765 276 3824 mora,
290 3766 346 3808 nec
362 3745 500 3827 requies;
522 3750 606 3806 vasto
622 3742 813 3805 certaminet
799 3702 937 3805 tendunt.
