2496 4334
451 277 632 325 eucnemon
655 277 720 324 ΗΒ.
743 277 791 325 1v.

102 433 208 498 Altera
221 440 288 498 tum
301 432 412 518 primos
427 432 559 497 Lucinae
575 438 700 516 experta
714 433 830 496 labores
843 451 852 509 ;

102 519 224 604 Clioque
240 527 272 583 et
286 519 386 582 Beroe
402 540 495 598 soror,
513 517 706 581 Oceanitides
722 519 839 598 ambae,

97 606 215 670 Ambae
232 627 317 684 auro,
333 605 422 688 pictis
436 605 584 667 incinctae
600 605 726 687 pelhbus
741 605 868 680 ambae3

97 690 202 774 Atque
218 691 356 775 Ephyre,
372 696 463 773 atque
480 689 564 774 Opis,
581 696 612 752 et
626 688 703 752 Asia
717 689 863 773 Deiopea,

97 776 137 838 Et
152 776 278 839 tandem
292 776 395 860 positis
410 775 496 839 velox
511 775 667 838 Arethusa
681 776 808 858 sagittis.

83 862 183 934 ,Inter
197 883 274 944 quas
289 882 393 924 curam
409 860 552 944 Clymene
568 861 710 923 narrabat
724 861 844 924 inanem

96 947 242 1025 Vulcani,
256 947 425 1029 Martisque
441 946 523 1009 dolos
538 953 570 1009 et
584 946 686 1008 dulcia
699 947 782 1008 furta
795 967 803 1022 ;

96 1032 188 1115 Aque
206 1032 290 1096 Chao
305 1031 413 1095 densos
428 1032 530 1094 divum
544 1032 722 1094 numerabat
737 1051 863 1094 amores.

98 1117 241 1182 Carmine
256 1139 315 1201 quo
330 1124 436 1201 captae
452 1117 524 1180 dum
537 1117 611 1181 fusis
626 1117 727 1180 mollia
740 1137 835 1199 pensa

97 1202 283 1282 Devolvrmt,
298 1203 408 1266 iterum
422 1209 573 1266 maternas
587 1203 706 1285 impulit
721 1223 810 1266 aures

97 1288 214 1352 Luctus
228 1288 374 1368 Aristaei,
389 1289 551 1372 vitreisque
567 1289 709 1352 sedilibus
724 1309 826 1351 omnes

99 1372 291 1458 Obstupuere
305 1393 314 1452 3
336 1374 391 1437 sed
406 1381 476 1438 ante
491 1376 564 1438 alias
578 1374 734 1436 Arethusa
749 1394 865 1437 sorores

80 1529 81 1532 Ἴ
98 1459 301 1543 Prospiciens,
316 1481 432 1522 summa
445 1461 556 1524 flavum
571 1467 663 1543 caput
677 1459 784 1522 extulit
798 1458 891 1537 unda,

98 1543 140 1607 Et
154 1546 280 1628 procul:
307 1543 333 1608 O
350 1546 463 1627 gemitu
477 1567 538 1609 non
551 1546 666 1609 frustra
681 1545 825 1607 exterrita
840 1549 935 1623 tauta,

100 1629 221 1714 Cyrene
237 1652 329 1710 soror,
345 1631 410 1714 ipse
425 1632 491 1709 tibi,
506 1637 560 1694 tua
574 1630 703 1693 maxima
718 1651 802 1709 cura,

98 1715 207 1780 Tristis
221 1716 381 1780 Aristaeus
395 1715 491 1779 Penei
506 1716 649 1799 genitoris
664 1715 704 1777 ad
718 1715 831 1778 undam

100 1799 171 1864 Stat
184 1803 366 1887 lacrymam,
381 1807 457 1865 etto
474 1802 626 1865 crudelem
640 1801 758 1864 nomine
774 1801 857 1864 dicit.

98 1887 183 1950 Huic
198 1908 340 1970 percussa
355 1908 434 1950 nova
448 1893 579 1950 mentem
593 1887 750 1950 formidine
765 1893 873 1965 mater,

98 1972 181 2052 Duc,
196 1993 264 2055 age,
280 1973 338 2036 duc
355 1972 394 2034 ad
409 1994 462 2036 nos
475 1993 483 2049 3
506 1973 552 2036 fas
566 1973 610 2035 illi
624 1973 727 2035 limina
741 1972 843 2035 divum

98 2058 250 2141 Tangere,
266 2059 317 2122 ait.
365 2057 461 2120 Simul
476 2060 538 2120 alta
547 2058 635 2142 jubet
650 2057 806 2120 discedere
820 2059 881 2119 late

97 2143 249 2222 Flumina,
265 2165 325 2227 qua
333 2144 455 2228 juvenis
470 2165 592 2226 gressus
605 2144 742 2206 inferret.
788 2143 834 2205 At
847 2142 931 2205 illum

99 2229 236 2292 Curvata
250 2230 280 2291 in
295 2230 403 2293 montis
419 2229 528 2292 faciem
543 2228 740 2292 circumstetit
755 2229 847 2308 unda,

97 2314 289 2398 Accepitque
305 2316 372 2378 sinu
387 2322 482 2394 vasto,
497 2315 637 2399 misitque
652 2315 708 2377 sub
724 2335 851 2376 amnem.

97 2400 231 2482 Jamque
248 2401 367 2463 domum
381 2401 492 2464 mirans
507 2401 679 2482 genetricis,
695 2406 726 2462 et
739 2400 862 2462 humida
876 2418 982 2481 regna,

100 2484 320 2570 Speluncisque
335 2487 418 2549 lacus
434 2487 561 2565 clausos,
576 2489 719 2568 lucosque
735 2491 886 2562 sonantes,

98 2571 181 2649 Ibat,
198 2577 239 2650 et,
255 2572 370 2654 ingenti
384 2579 466 2634 motu
481 2573 667 2655 stupefactus
683 2592 840 2654 aquarum,

100 2655 213 2719 Omnia
226 2657 281 2718 sub
296 2678 406 2738 magna
419 2658 552 2720 labentia
566 2659 688 2720 flumina
702 2665 785 2719 terra

101 2741 268 2824 Spectabat
282 2742 402 2805 diversa
415 2743 499 2821 locis,
515 2742 698 2826 Phasinque,
713 2742 902 2826 Lycumque,

100 2827 143 2890 Et
159 2834 262 2910 caput,
277 2828 358 2890 unde
375 2829 452 2891 altus
467 2829 596 2911 primum
611 2850 643 2891 se
659 2828 788 2911 erumpit
804 2827 950 2910 Enipeus,

99 2913 192 2976 Unde
208 2920 295 2996 patet
309 2913 477 2991 Tiberinus,
494 2920 525 2976 et
539 2914 619 2976 unde
634 2913 755 2976 Aniena
769 2915 893 2991 fluenta,

104 2978 313 3097 Saxosuyrque
330 3020 437 3062 sonans
452 2999 603 3083 Hypanis,
619 2999 787 3083 Mysusque
805 2997 925 3077 Caicus,

101 3083 145 3145 Et
158 3105 279 3166 gomma
293 3091 416 3147 auratus
431 3085 549 3148 taurino
565 3107 677 3148 cornua
692 3085 777 3147 vultu

102 3169 254 3231 Eridanus
268 3193 275 3231 :
301 3191 359 3252 quo
374 3193 433 3232 non
448 3170 523 3233 alius
537 3193 593 3254 per
607 3170 731 3254 pinguia
745 3170 827 3232 culta

101 3255 141 3317 In
155 3276 238 3317 mare
253 3277 438 3338 purpureum
453 3256 608 3318 violentior
624 3256 718 3318 effluit
732 3255 837 3318 amnis.

102 3341 268 3422 Postquam
284 3342 375 3403 estin
390 3342 513 3404 thalami
527 3342 690 3425 pendentia
704 3341 821 3425 pumice
836 3346 917 3403 tecta

102 3427 299 3505 Perventum,
315 3433 346 3489 et
360 3428 424 3489 nati
438 3428 526 3490 fletus
541 3429 680 3509 cognovit
693 3429 798 3489 inanes

104 3511 243 3595 Cyrene:
267 3512 402 3575 manibus
417 3513 544 3595 liquidos
560 3514 634 3575 dant
648 3513 751 3576 ordine
766 3512 864 3573 fontes

104 3597 287 3673 Germanae,
302 3600 453 3681 tonsisque
469 3599 571 3661 ferunt
584 3599 727 3662 mantelia
741 3597 817 3660 villis
829 3616 837 3671 ;

104 3684 181 3746 Pars
197 3684 293 3766 epulis
308 3692 434 3747 onerant
449 3706 578 3762 mensas,
594 3691 625 3747 et
640 3685 729 3768 plena
742 3686 891 3764 reponunt

103 3769 220 3832 Pocula
233 3790 241 3846 ;
265 3769 432 3833 Panchaeis
448 3770 623 3834 adolescunt
637 3769 756 3851 ignibus
772 3786 842 3829 arae
857 3785 866 3842 ;
