2496 4334
420 283 581 331 nnunmos
596 214 662 330 nin.
685 285 733 332 xr.
1034 268 1096 334 297

60 434 256 500 Subvectant.
300 438 388 501 Bello
403 438 456 500 dat
470 437 588 520 signum
602 457 695 500 rauca
710 443 868 501 cruentum

57 519 204 584 Buccina.
248 523 327 584 ‚Tum
341 545 440 586 muros
456 523 539 585 varia
554 523 674 584 cinxere
690 544 798 585 corona
1048 540 1097 589 ⁴75

57 604 215 669 Matronae
232 608 376 689 puerique
389 630 396 670 :
422 613 511 670 vocat
525 607 609 670 labor
622 607 744 670 ultimus
758 626 870 670 omnes.

56 689 90 752 N
92 710 126 753 ec
141 713 201 753 non
215 692 253 754 ad
268 693 413 774 templum
425 713 614 774 summasque
630 691 669 754 ad
684 691 816 756 Palladis
831 711 917 755 arces

60 774 242 839 Subvehitur
256 797 366 858 magna
379 783 508 839 matrum
523 776 627 858 regina
641 783 774 856 caterva,

57 859 146 923 Dona
160 860 270 940 ferens,
280 862 427 944 juxtaque
444 882 541 924 comes
557 861 682 924 Lavinia
697 862 792 944 virgo,

59 937 173 1007 Caussa
188 947 257 1008 mali
272 947 358 1025 tanti,
374 949 473 1009 oculos
489 947 607 1030 dejecta
621 947 754 1010 decoros.

60 1027 235 1092 Succedunt
247 1037 370 1110 matres,
385 1039 417 1094 et
430 1032 574 1114 templum
588 1038 655 1094 ture
670 1038 827 1114 vaporant,

58 1114 102 1178 Et
115 1122 244 1177 maestas
261 1117 320 1178 alto
335 1117 466 1179 fundunt
480 1117 518 1178 de
532 1117 632 1179 limine
648 1137 757 1180 voces:

58 1199 264 1282 Armipotens,
279 1222 400 1284 praeses
415 1201 495 1280 belli,
511 1202 644 1264 Tritonia
658 1202 755 1284 virgo,

58 1284 179 1366 Frange
194 1305 285 1347 manu
299 1287 393 1348 telum
406 1285 533 1370 Phrygii
547 1286 715 1369 praedonis,
731 1293 762 1349 et
775 1286 873 1368 ipsum

59 1366 192 1432 Pronum
206 1376 306 1432 sterne
323 1373 395 1451 solo,
410 1372 561 1455 portisque
575 1372 693 1434 effunde
708 1372 763 1434 sub
778 1371 856 1433 altis.

104 1453 243 1536 Cingitur
256 1455 320 1538 ipse
335 1456 438 1518 furens
453 1457 591 1519 certatim
604 1457 636 1518 in
650 1456 763 1539 proelia
777 1456 907 1518 Turnus.

59 1538 190 1620 Jamque
207 1540 282 1603 adeo
296 1540 443 1603 Rutulum
457 1542 581 1604 thoraca
595 1541 717 1604 indutus
733 1541 836 1603 alienis

59 1623 214 1686 Horrebat
225 1626 365 1707 squamis,
381 1647 525 1708 surasque
540 1626 702 1688 incluserat
716 1647 800 1705 auro,
921 1673 927 1683 .

60 1708 208 1791 Tempora
222 1710 320 1772 nudus
336 1711 445 1790 adhuc,
459 1712 605 1794 laterique
621 1711 792 1775 accinxerat
807 1729 920 1789 ensem,

60 1793 268 1878 Fulgebatque
285 1797 346 1858 alta
361 1796 523 1858 decurrens
538 1817 646 1858 aureus
662 1817 744 1872 arce,

61 1878 261 1963 Exsultatque
277 1880 382 1944 animis
395 1888 428 1943 et
442 1902 494 1964 spe
504 1882 568 1964 jam
583 1881 729 1964 praecipit
741 1882 877 1944 hostem:

62 1962 167 2036 Qualis
181 1965 232 2027 ubi
247 1965 380 2048 abruptis
394 1966 473 2048 fugit
486 1967 642 2049 praesepia
656 1967 762 2029 vinclis

62 2048 197 2111 Tandem
210 2050 285 2112 liber
300 2071 405 2132 equus,
421 2071 584 2133 campoque
598 2050 710 2133 potitus
725 2055 829 2133 aperto

61 2132 129 2195 Aut
143 2133 192 2196 illc
207 2135 352 2217 inpastus
367 2143 561 2218 armentaque
577 2136 673 2197 tendit
688 2154 844 2218 equarum,

61 2218 129 2280 Aut
144 2226 280 2281 assuetus
295 2240 391 2302 aquae
404 2220 543 2302 perfundi
554 2221 673 2282 flumine
688 2227 769 2299 noto,

63 2303 193 2382 Emicat,
209 2305 392 2387 arrectisque
408 2306 509 2367 fremit
524 2306 691 2369 cervicibus
706 2308 766 2370 alte

63 2388 243 2468 Luxurians,
258 2389 424 2471 luduntque
435 2391 526 2473 jubae
542 2412 596 2473 per
612 2392 697 2469 colla,
712 2412 767 2472 per
781 2408 889 2452 armos.

65 2473 162 2535 Obvia
178 2474 236 2553 cui,
252 2474 429 2538 Volscorum
444 2475 507 2538 acie
523 2476 693 2554 comitante,
710 2474 836 2537 Camilla

65 2557 217 2637 Occurrit,
232 2560 383 2642 portisque
399 2560 436 2622 ab
452 2581 528 2642 equo
543 2561 648 2642 regina
663 2561 717 2623 sub
732 2560 804 2642 ipsis

63 2642 205 2722 Desiluit,
221 2666 309 2726 quam
325 2652 388 2707 tota
403 2645 507 2707 cohors
521 2646 637 2707 imitata
650 2645 761 2707 relictis

64 2727 118 2790 Ad
134 2735 245 2791 terram
261 2729 385 2791 defluxit
400 2731 506 2812 equis;
529 2737 593 2792 tum
607 2731 679 2792 talia
693 2730 795 2792 fatur:

64 2813 177 2891 Turne,
192 2815 239 2876 sui
253 2815 357 2876 merito
373 2815 397 2877 si
413 2836 473 2898 qua
488 2822 534 2877 est
544 2815 654 2877 fiducia
668 2815 750 2893 forti,

66 2898 175 2960 Audeo
190 2905 221 2960 et
235 2898 414 2961 Aeneadum
429 2900 568 2982 promitto
583 2921 741 2964 occurrere
759 2904 888 2977 turmae,

68 2981 197 3064 Solaque
213 2983 383 3065 Tyrrhenos
398 2985 514 3066 equites
528 2985 571 3047 ire
587 2986 673 3048 obvia
688 2991 803 3047 contra.

65 3067 118 3129 Me
135 3069 197 3130 sine
213 3066 308 3150 prima
322 3089 415 3132 manu
431 3077 547 3132 tentare
562 3070 696 3153 pericula
713 3069 784 3131 belli
797 3089 806 3144 ;

65 3153 113 3214 Tu
128 3153 220 3233 pedes
236 3153 275 3215 ad
289 3175 389 3216 muros
404 3156 531 3218 subsiste
547 3162 578 3217 et
592 3155 709 3217 moenia
723 3174 821 3216 serva.

65 3237 185 3299 Turnus
201 3237 240 3300 ad
254 3237 340 3318 haec,
356 3241 456 3302 oculos
470 3240 620 3303 horrenda
633 3240 665 3302 in
679 3239 795 3321 virgine
812 3237 911 3300 fixm:

67 3321 94 3383 Ο
114 3321 205 3384 decus
220 3322 339 3402 Italiae,
353 3324 449 3406 virgo,
464 3345 539 3406 quus
554 3325 653 3387 dicere
667 3329 769 3407 grates

67 3405 186 3478 Quasve
202 3407 316 3470 referre
332 3408 460 3491 parem?
506 3408 568 3472 Sed
582 3431 674 3487 nunc,
690 3415 737 3472 est
750 3407 848 3472 omnia
862 3405 982 3490 quando

66 3492 129 3555 Iste
146 3492 261 3554 animus
278 3513 379 3575 supra,
394 3515 512 3557 mecum
525 3494 637 3576 partire
652 3495 794 3557 laborem.
1058 3504 1106 3552 510

65 3576 199 3654 Aeneas,
215 3583 250 3639 ut
264 3576 344 3640 sarna
359 3579 449 3640 fidem
460 3579 599 3660 missique
615 3585 771 3661 reportant

65 3661 291 3744 Exploratores,
307 3664 440 3746 equitum
454 3664 533 3726 levia
546 3663 697 3746 improbus
712 3683 796 3725 arma

64 3746 237 3828 Praemisit,
253 3754 413 3830 quaterent
428 3768 569 3833 campos;
590 3749 654 3833 ipse
670 3749 766 3812 ardua
778 3746 889 3810 montis
