2496 4334
140 260 203 325 168
469 282 497 327 Ρ.
521 282 663 329 vracrmr
691 255 835 329 uaaoms

139 431 239 497 Multa
250 433 306 496 viri
320 433 524 517 nequidquam
537 434 617 497 inter
631 455 663 498 se
679 435 804 498 vulnera
814 434 943 518 jactant,

139 516 240 581 Multa
255 541 328 583 cavo
343 521 431 582 laten
445 521 641 602 ingeminant,
657 526 823 602 et'pectore
840 528 939 584 vastos

139 604 222 666 Dant
238 606 350 668 sonitus
363 625 371 682 ;
395 613 535 688 erratque
551 626 639 668 aures
654 611 686 667 et
700 612 835 688 tempora
849 605 962 668 circum

141 687 254 752 Crebra
268 712 374 754 manus
387 710 395 766 ;
419 691 494 753 duro
509 691 657 772 crepitant
671 691 726 753 sub
741 691 865 752 vulnere
880 692 987 754 malae.

142 773 210 836 Stat
224 777 324 857 gravis
340 776 488 855 Entellus,
503 775 630 859 nisuque
645 776 783 838 immotus
799 775 915 854 eodem,

141 858 271 943 Corpore
287 862 349 923 tela
362 862 449 924 modo
464 868 555 943 atque
571 861 663 924 oculis
677 860 867 942 vigilantibus
883 861 953 923 exit.

139 944 207 1024 Ille,
222 947 306 1008 velut
320 947 430 1009 celsam
445 953 599 1029 oppugnat
613 946 665 1029 qui
679 946 804 1008 molibus
819 946 934 1025 urbem,

138 1029 205 1092 Aut
217 1039 358 1094 montana
372 1032 458 1095 sedet
473 1032 584 1094 circrun
599 1032 723 1094 castella
737 1030 792 1093 sub
808 1031 908 1109 armis,

138 1114 170 1176 N
171 1137 229 1177 unc
245 1117 310 1196 hos,
325 1138 403 1180 nunc
418 1117 484 1180 illos
499 1117 610 1195 aditus,
625 1136 801 1198 onmemque
816 1121 954 1198 pererrat

138 1199 216 1262 Arte
231 1201 339 1280 locum,
356 1209 387 1264 et
401 1203 490 1265 variis
506 1202 664 1265 assultibus
679 1201 780 1263 irritus
794 1208 895 1282 urget.

141 1283 280 1349 Ostendit
294 1287 430 1350 dextram
445 1288 602 1369 insurgens
617 1287 766 1364 Entellus,
781 1292 813 1347 et
829 1287 889 1348 alte

138 1369 272 1434 Extulit:
296 1373 345 1434 ille
361 1373 453 1434 ictum
467 1373 637 1435 venientem
652 1393 670 1434 a
685 1372 797 1434 vertice
812 1372 899 1434 velox

137 1454 303 1535 Praevidit,
319 1457 468 1540 celerique
484 1460 601 1540 elapsus
617 1477 739 1540 corpore
755 1457 854 1519 cessit.

138 1539 275 1604 Entellus
290 1542 368 1604 vires
382 1542 414 1604 in
428 1549 551 1605 ventum
564 1542 679 1617 effudit,
697 1549 729 1604 et
742 1543 821 1604 ultro

137 1625 207 1707 Ipse
223 1627 321 1707 gravis
336 1628 528 1710 graviterque
544 1628 583 1689 ad
598 1634 709 1689 terram
723 1627 855 1710 pondere
870 1632 955 1690 vasto

139 1709 295 1773 Concidit:
320 1719 355 1774 ut
369 1712 519 1795 qnondam
534 1733 608 1775 cava
623 1712 753 1775 concidit
768 1718 821 1774 aut
835 1709 1034 1795 Erymantho,

136 1795 203 1857 Aut
217 1795 275 1858 Ida
288 1796 319 1858 in
333 1818 443 1880 magna
457 1798 607 1860 radicibus
623 1804 709 1859 eruta
723 1798 819 1880 pinus.

138 1879 330 1963 Consurgunt
345 1882 449 1945 studiis
466 1882 575 1945 Teucri
589 1889 619 1944 et
634 1882 789 1945 Trinacria
802 1881 896 1964 pubes
910 1901 918 1958 ;
1005 1931 1010 1944 .

136 1964 168 2027 It
183 1966 293 2029 clamor
307 1968 400 2045 ecclc,
415 1968 586 2051 primusque
602 1967 733 2030 accurrit
747 1967 888 2045 Acestes,

135 2050 394 2134 Aequaevumque
410 2054 446 2115 ab
460 2054 549 2115 humo
564 2053 707 2115 miserans
723 2052 832 2114 attollit
846 2051 984 2114 amicum.

135 2135 192 2213 Aa,
207 2157 266 2198 non
281 2137 416 2200 tardatus
433 2158 505 2200 casu
519 2159 617 2219 neque
633 2137 755 2200 territus
770 2137 857 2200 heros

135 2221 245 2283 Acrior
259 2221 298 2283 ad
313 2243 444 2305 pugnam
458 2223 548 2301 redit,
564 2243 599 2284 ac
615 2223 673 2284 vim
688 2222 813 2284 suscitat
826 2221 872 2283 ira
885 2240 893 2298 ;

135 2305 212 2366 Tum
227 2307 322 2387 pudor
335 2307 469 2369 incendit
483 2308 572 2386 vires,
589 2313 619 2368 et
634 2307 752 2369 conscia
767 2307 873 2384 virtus,

135 2389 394 2474 Praecipit-amque
410 2392 514 2454 Daren
528 2392 636 2454 ardens
651 2393 714 2473 agit
729 2412 857 2474 aequore
874 2397 946 2469 toto,

135 2475 225 2537 Nunc
241 2476 347 2539 dextra
361 2477 546 2559 ingeminans
560 2477 650 2555 ictus,
664 2497 744 2538 nunc
759 2477 808 2538 ille
824 2476 955 2538 sinistra.

134 2559 166 2621 N
168 2581 202 2622 ec
217 2582 311 2640 mora,
326 2583 382 2624 nec
397 2564 536 2645 requies:
562 2584 652 2644 quam
665 2563 761 2623 multa
777 2561 921 2643 grandine
936 2559 1029 2622 nimbi

136 2645 319 2708 Culminibus
335 2648 493 2730 crepitant,
509 2648 551 2710 sic
567 2647 666 2709 densis
680 2646 787 2708 ictibus
802 2647 890 2709 heros

136 2730 249 2792 Creber
263 2738 389 2814 utraque
406 2754 496 2794 manu
511 2733 609 2815 pulsat
624 2738 783 2814 versatque
799 2731 924 2793 Dareta.

134 2815 211 2876 Tum
225 2823 312 2897 pater
325 2817 448 2879 Aeneas
463 2817 626 2899 procedere
640 2817 756 2897 longius
771 2817 831 2878 iras

134 2899 176 2961 Et
191 2900 305 2963 saevire
321 2903 426 2963 animis
441 2902 594 2964 Entellum
608 2902 689 2963 haud
704 2923 808 2984 passus
825 2899 951 2978 acerbis,

136 2982 197 3047 Sed
212 2985 300 3048 finem
316 2986 455 3068 imposuit
470 3008 600 3069 pugnae,
615 2988 786 3068 fessumque
801 2986 917 3048 Dareta

134 3068 263 3151 Eripuit,
278 3072 412 3133 mulcens
427 3071 525 3150 dictis,
541 3093 575 3134 ae
592 3072 663 3133 talia
676 3071 778 3133 fatur:

134 3153 253 3232 Infelix,
270 3176 346 3238 quae
363 3163 447 3218 tanta
463 3157 592 3218 animum
607 3157 758 3218 dementia
773 3152 878 3236 cepit?

133 3237 166 3299 N
167 3259 204 3299 on
219 3240 296 3302 vires
312 3241 384 3302 alias
401 3262 603 3324 conversaque
618 3241 740 3303 numina
755 3237 873 3304 sentis?

135 3321 217 3384 Cede
232 3323 298 3386 deo.
343 3325 499 3407 Dixitque,
516 3334 547 3388 et
561 3327 674 3409 proelia
688 3346 761 3388 voce
776 3323 906 3386 diremit.

133 3407 194 3469 Ast
208 3409 290 3469 illum
304 3409 356 3472 fidi
371 3413 523 3492 aequales,
540 3432 639 3493 genua
655 3431 747 3493 aegra
762 3410 942 3488 trahentem,

133 3493 154 3554 J
156 3500 364 3576 actantemque
379 3503 506 3578 utroque
523 3503 624 3579 caput,
641 3516 832 3578 crassumque
848 3514 984 3556 cruorem
1019 3527 1021 3531 ·

135 3577 195 3640 Ore
212 3579 401 3662 ejectantem,
417 3582 583 3663 mixtosque
599 3581 789 3663 insanguine
805 3580 922 3656 dentes,

133 3663 257 3725 Ducunt
272 3664 310 3726 ad
325 3686 428 3741 naves,
443 3668 619 3748 galeamque
635 3687 795 3747 ensemque
811 3665 908 3727 vocati

132 3747 296 3830 Accipiunt
309 3770 317 3825 ;
341 3753 469 3833 palmam
485 3752 604 3814 Entello
619 3757 797 3834 taurumque
818 3750 1000 3831 relinquunt.
