2496 4334
476 239 636 286 Asnmnos
658 241 722 286 LIB.
747 242 779 287 V.

104 395 187 461 Huic
202 397 299 476 trade,
315 394 428 458 amissis
442 400 585 476 superant
599 394 650 477 qui
665 393 800 472 navibus,
816 401 848 458 et
862 417 936 478 quos

105 483 284 545 Pertaesum
297 481 397 562 magni
412 480 524 562 incepti
539 500 698 561 rerumque
714 486 833 542 tuarum
847 489 913 558 est;

105 567 340 651 Longaevosque
356 587 442 628 senes
458 586 493 626 ac
507 565 602 627 fessas
617 585 745 646 aequore
760 572 882 645 matres,

106 653 148 715 Et
163 653 309 736 quidquid
324 659 424 722 tecum
438 650 600 712 invalidum
614 657 808 732 metuensque
824 652 928 734 pericli
942 658 999 733 est,

106 739 213 820 Delige
227 759 235 814 ;
260 746 290 800 et
305 737 351 798 his
365 737 495 798 habeant
509 735 597 797 terris
612 735 673 797 sine
690 737 805 798 moenie
819 738 909 800 fessi:

106 823 223 886 Urbem
239 822 429 906 appellabunt
444 822 585 903 permisso
600 820 718 882 nomine
733 820 888 885 Acestam.

149 908 269 971 'salibus
285 909 423 969 incensus
439 906 525 968 dictis
540 906 663 968 senioris
678 906 775 984 amici,

106 994 183 1056 Tum
198 1015 269 1055 vero
284 994 315 1054 in
330 1012 417 1054 curas
432 991 528 1054 animo
545 991 695 1052 diducitur
709 1012 820 1054 omnes.

107 1079 147 1140 Et
161 1101 221 1142 nox
236 1085 301 1141 atra
316 1079 415 1160 polum
429 1077 504 1159 bigis
520 1077 663 1138 subvecta
677 1076 818 1139 tenebat:

105 1165 181 1226 Visa
196 1165 303 1227 dehinc
319 1163 401 1224 coelo
415 1162 507 1223 facies
523 1162 644 1243 delapsa
658 1163 804 1243 parentis·

104 1250 256 1312 Anchisae
272 1248 367 1311 subito
382 1248 457 1309 tales
473 1247 624 1308 effundere
640 1267 747 1309 voces:

105 1335 198 1413 Nate,
212 1335 284 1396 mihi
299 1334 360 1395 vita
375 1333 534 1415 quondam,
550 1332 621 1393 dum
635 1333 697 1394 vita
711 1333 861 1412 manebat,

106 1419 183 1482 Oare
198 1420 292 1502 magis
306 1439 314 1494 ;
337 1426 418 1496 nate,
434 1417 535 1480 Iliacis
550 1417 680 1480 exercite
696 1418 788 1494 fatis;

105 1505 235 1588 Imperio
250 1505 272 1567 J
273 1505 335 1566 ovis
349 1504 407 1565 huc
423 1503 520 1580 xenio,
536 1502 587 1584 qui
603 1502 745 1565 classibus
759 1504 859 1585 ignem

105 1591 240 1674 Depulit,
256 1597 287 1653 et
302 1590 383 1651 coelo
397 1589 518 1650 tandem
532 1588 688 1649 miseratus
703 1589 740 1651 ab
755 1590 815 1651 alto
831 1595 886 1652 est.

106 1675 241 1738 Consiliis
257 1696 340 1758 pare,
355 1695 431 1757 quae
448 1695 526 1735 nunc
543 1673 742 1756 pulcherrima
757 1674 875 1738 Nautes

104 1762 168 1823 Dat
182 1762 280 1823 senior
293 1781 301 1836 ;
323 1761 417 1823 lectos
426 1760 566 1842 juvenes,
581 1758 741 1820 fortissima
755 1760 856 1837 corda,

104 1846 200 1908 Defer
214 1847 245 1908 in
260 1845 398 1908 Itaham:
423 1866 496 1925 gens
512 1844 588 1906 dura
602 1850 692 1926 atque
709 1865 815 1926 aspera
829 1847 913 1909 cultu
942 1894 943 1899 η

105 1931 292 1994 Debellanda
307 1931 359 1992 tibi
374 1929 460 1991 Latio
475 1936 531 1991 est.
576 1928 655 1991 Ditis
671 1936 771 1993 tamen
785 1937 855 1994 ante

104 2016 242 2079 Infernas
258 2016 367 2078 accede
384 2015 496 2093 domos,
512 2020 543 2076 et
557 2014 681 2076 Averna
695 2035 750 2097 per
764 2017 825 2078 alta

106 2101 291 2184 Congressus
306 2107 386 2184 pete,
400 2106 482 2178 nate,
497 2120 587 2162 meos.
633 2099 665 2160 N
666 2121 704 2162 on
718 2122 765 2163 me
778 2101 867 2184 impia
881 2123 1009 2185 namque

104 2187 232 2250 Tartara
245 2188 356 2249 habent
371 2185 529 2268 tristesque
545 2185 678 2263 umbrae,
690 2186 744 2247 sed
759 2207 883 2250 amoena
896 2189 1011 2272 piorum

105 2271 238 2335 Ooncilia
254 2270 448 2356 Elysiumque
464 2271 537 2332 colo.
582 2270 654 2332 Huc
670 2278 753 2334 casta
769 2270 884 2356 Sibylla

103 2358 269 2439 Nigrarum
283 2359 375 2418 multo
390 2356 539 2438 pecudum
554 2363 584 2417 te
600 2357 743 2437 sanguine
760 2357 860 2420 ducet.

103 2444 180 2505 Tum
195 2464 289 2525 genus
306 2463 391 2504 omne
406 2449 502 2517 tuum,
517 2447 559 2518 et,
575 2462 651 2523 quae
668 2441 777 2504 dentur
790 2444 917 2523 moenia,
933 2444 1039 2513 disces.

102 2528 232 2611 Jamque
249 2529 335 2590 vale:
360 2534 480 2609 torquet
495 2526 607 2588 medios
622 2548 680 2588 nox
694 2527 816 2589 humida
831 2549 946 2607 cursuS,

103 2613 144 2675 Et
159 2635 206 2676 me
221 2634 327 2676 saevus
343 2613 427 2694 equis
444 2611 551 2673 Oriens
566 2610 678 2673 afflavit
692 2613 815 2675 anhelis.

101 2699 239 2777 Dixerat,
255 2705 286 2759 et
301 2705 406 2759 tenues
420 2697 509 2778 fugit,
525 2717 581 2758 ceu
595 2697 704 2775 fumus,
719 2698 750 2759 in
765 2718 863 2760 auras.

101 2783 234 2863 Aeneas,
251 2782 317 2856 Quo
332 2783 439 2844 deinde
455 2781 541 2844 ruis?
565 2803 623 2864 quo
638 2783 789 2865 proripis?
811 2783 918 2865 inquit,

102 2868 199 2942 Quem
213 2870 304 2951 fugis,
320 2875 372 2930 aut
387 2868 452 2951 quis
468 2874 497 2928 te
512 2869 619 2930 nostris
637 2869 835 2951 complexibus
848 2869 957 2944 arcet?

101 2956 188 3017 Haec
204 2975 370 3016 memorans
386 2955 517 3015 cinerem
531 2960 562 3014 et
577 2952 685 3034 sopitos
701 2956 824 3017 suscitat
843 2954 939 3036 ignes,

101 3041 359 3123 Pergameumque
375 3039 484 3100 Larem
499 3045 530 3100 et
545 3059 637 3100 canae
653 3041 818 3120 penetralia
832 3040 946 3103 Vestae

100 3126 195 3187 Ferre
211 3127 259 3208 pio
275 3131 306 3186 et
322 3125 410 3206 plena
424 3125 549 3206 supplex
564 3129 725 3185 veneratur
739 3145 854 3186 acerra.

145 3211 303 3291 Extemplo
319 3210 412 3271 socios
426 3209 612 3291 primumque
628 3209 752 3271 arcessit
763 3210 910 3288 Acesten,

101 3297 142 3357 Et
156 3297 177 3358 J
179 3296 241 3358 ovis
255 3295 411 3377 imperium
426 3301 457 3356 et
472 3295 534 3356 cari
548 3302 710 3376 praccepta
723 3297 854 3378 parentis

101 3382 228 3460 Edocet,
244 3388 275 3442 et
289 3401 365 3462 quae
381 3400 460 3442 nunc
476 3381 572 3442 animo
588 3381 736 3443 sententia
753 3388 878 3444 constet.

100 3467 194 3529 Haud
208 3488 291 3529 mora
306 3466 444 3543 consiliis,
459 3486 516 3528 nec
527 3466 613 3548 jussa
626 3473 747 3528 recusat
760 3468 900 3530 Acestes.

100 3552 330 3614 [transscribunt
344 3551 411 3612 urbi
425 3558 546 3630 matres,
562 3553 762 3632 populumque
778 3554 926 3613 volentem

99 3639 272 3720 Deponunt,
288 3637 399 3698 animos
414 3637 456 3697 nil
470 3657 596 3718 magnae
612 3636 708 3697 laudis
724 3643 858 3717 egentes.

97 3722 160 3807 Ipsi
175 3729 307 3786 transtra
320 3728 442 3800 novant,
457 3722 639 3804 flammisque
655 3722 776 3784 ambesa
790 3726 938 3805 reponunt
