2496 4334
459 280 620 329 sanamus
646 282 711 327 LIB.
734 285 759 332 Ι.

117 433 335 520 Quinquaginta
348 436 429 499 intus
443 436 584 513 famulae,
599 434 705 517 quibus
720 434 822 497 ordine
834 436 922 518 longo

114 519 193 584 Cura
206 543 316 604 penum
331 528 459 599 struere,
474 528 505 582 et
519 521 643 582 flammis
657 520 776 582 adolere
792 520 942 598 Penates;

112 604 239 668 Centum
254 607 340 684 aliae,
356 606 538 689 totidemque
554 625 641 687 pares
656 609 754 666 aetate
769 605 906 685 ministri,

110 688 169 762 Qui
183 691 308 774 dapibus
323 707 440 753 mensas
451 696 586 768 onerent,
601 696 633 750 et
647 690 753 771 pocula
766 696 888 772 ponant.

108 774 140 836 N
141 796 176 837 ec
192 797 251 838 non
266 782 298 838 et
312 776 396 859 Tyrii
410 796 465 858 por
478 775 579 837 limina
592 776 673 836 lacta
686 775 859 856 frequentes

109 859 297 939 Convenere,
311 861 384 922 toris
393 861 470 943 jussi
485 860 670 922 discumbere
684 859 782 942 pictis.

107 944 260 1006 Mirantur
275 945 352 1007 dona
367 944 492 1007 Aeneae
506 965 513 1021 ;
536 945 681 1007 mirantur
695 944 806 1023 Iulum,

106 1029 346 1112 Flagrantcsque
361 1030 410 1092 dei
425 1031 536 1108 vultus,
551 1029 747 1111 simulataque
764 1030 867 1109 verba,

107 1113 295 1197 Pallamque,
310 1121 341 1176 et
356 1115 468 1197 pictum
483 1135 587 1177 croceo
602 1114 738 1176 velamen
753 1115 889 1176 acantho.

107 1198 276 1282 Praecipue
291 1200 404 1279 infelix,
419 1200 496 1281 pesti
511 1199 618 1262 devota
632 1200 764 1278 futtmae,

108 1284 234 1366 Expleri
246 1294 377 1346 mentem
390 1285 505 1367 nequit,
520 1284 708 1366 ardescitque
723 1283 835 1346 tuendo

107 1368 283 1448 Phoenissa,
298 1376 330 1432 et
344 1391 435 1452 puero
450 1371 562 1451 pariter
578 1369 721 1451 donisque
736 1372 891 1431 movetur(

107 1455 177 1533 Ille,
191 1455 243 1516 ubi
258 1455 415 1536 complexu
426 1454 551 1517 Aeneae
566 1455 699 1536 colloque
713 1454 867 1536 pependit,

108 1539 154 1601 Et
168 1559 310 1620 magnum
323 1539 391 1602 falsi
404 1540 537 1621 implevit
551 1533 693 1621 gemtor-is
708 1560 848 1619 amorem,

107 1624 259 1706 Reginam
273 1625 358 1706 petit.
402 1625 490 1687 Haec
505 1625 608 1703 oculis,
623 1625 698 1686 haec
714 1631 836 1707 pectore
851 1630 913 1687 toto

106 1709 247 1785 Haeret;
269 1715 301 1770 et
313 1709 464 1771 interdum
479 1709 591 1791 gremio
605 1710 709 1784 fovet3
730 1709 824 1772 inscia
838 1708 918 1772 Dido

106 1793 246 1856 Insideat
260 1800 388 1876 quantus
402 1794 527 1860 miserae
535 1793 638 1940 desp!
679 1794 728 1855 ¹At
741 1815 854 1856 memor
867 1794 917 1857 ille

583 1899 601 1941 a

106 1878 218 1941 Macra
232 1848 568 1962 Actamaqtothlttla
618 1855 888 1963 aristatonem

105 1963 231 2046 Incipit,
247 1970 278 2026 ct
291 1965 358 2042 vivo
372 1970 470 2035 tentat
485 1968 790 2047 praevertere'amore

104 2049 129 2112 J
130 2049 310 2195 εις-ΜΘΗ]
323 2049 436 2111 resides
451 2050 563 2112 artimos
578 2048 762 2130 desuetaque
777 2047 878 2111 corda.

56 2170 106 2198 κ
125 2132 148 2145 ’”
180 2140 315 2216 ostquam
329 2134 424 2216 prima
438 2135 523 2217 quies
538 2135 643 2217 epulis,
658 2154 838 2216 mensaeque
853 2139 1005 2197 remotae:

107 2217 253 2282 Crateras
266 2239 388 2300 magnos
402 2225 548 2297 statuunt,
565 2219 679 2282 ctrina
693 2225 845 2282 coronant.

104 2304 158 2366 Fit
173 2304 315 2385 strepitus
329 2304 427 2382 tectis,
442 2325 605 2386 vocemque
620 2326 675 2386 per
689 2306 787 2387 ampla
801 2306 937 2367 volutant
1036 2302 1040 2309 ’

104 2389 199 2451 Atria
212 2409 220 2464 3
243 2388 413 2473 dependent
426 2390 528 2472 lyclmi
542 2390 731 2470 laquearibus
747 2390 845 2452 aureis

104 2473 239 2551 Incensi,
255 2480 286 2535 et
299 2480 417 2535 noctem
431 2474 555 2536 flammis
569 2475 681 2536 funalia
696 2473 829 2536 vincunt,

88 2559 167 2620 -Hic
183 2558 288 2640 regina
302 2579 423 2640 gravem
438 2559 562 2641 gemmis
578 2580 709 2641 auroque
730 2558 874 2642 poposcit,

103 2642 306 2726 Implevitque
320 2665 402 2707 mero
417 2651 562 2727 pateram,
577 2665 667 2727 quam
681 2644 774 2706 Belus
790 2651 821 2705 et
835 2663 936 2706 omnes

103 2729 136 2790 A
151 2729 229 2790 Belo
243 2729 320 2790 soliti
333 2749 341 2803 ;
364 2735 429 2791 tum
442 2731 523 2792 facta
538 2729 655 2792 silentia
670 2730 778 2792 tectis:

102 2814 239 2896 Jupiter,
250 2814 413 2896 hospitibus
427 2835 497 2876 nam
510 2822 541 2877 to
557 2814 629 2876 dare
640 2816 711 2898 jura
724 2815 897 2896 loquuntur,

104 2899 198 2960 Hunc
213 2900 325 2960 laetum
340 2899 496 2982 Tyriisque
512 2900 591 2961 diem
606 2899 754 2982 Trojaque
770 2898 910 2981 profectis

104 2983 181 3046 Esse
197 2983 282 3061 velis,
296 2990 470 3066 nostrosque
484 2985 573 3047 hu'us
587 2985 754 3046 meminisse
769 2984 908 3045 minores.

103 3068 197 3131 Adsit
210 3068 342 3130 laetitiae
357 3068 496 3131 Bacchus
512 3008 608 3148 dator,
624 3076 655 3131 et
669 3069 747 3131 bona
761 3068 854 3130 Juno.

104 3154 146 3214 Et
160 3174 225 3231 vos,
241 3174 269 3231 o,
285 3159 412 3232 coetum,
428 3153 522 3236 Tyrii,
537 3155 686 3216 celebrate
702 3154 847 3215 faventes.
877 3196 880 3207 .

103 3238 202 3316 Dixit,
217 3238 293 3299 etin
307 3259 440 3300 mensam
454 3239 576 3301 laticum
590 3239 694 3301 libavit
707 3239 860 3317 honorem,

103 3322 277 3404 Primaque,
291 3323 393 3402 hbato‚
409 3344 522 3386 summo
537 3331 625 3386 tenus
640 3323 740 3404 attigit
754 3343 805 3386 oro
820 3343 828 3399 ;

102 3407 182 3469 Tum
196 3407 295 3469 Bitiae
311 3407 395 3470 dedit
407 3410 588 3490 increpitans
602 3429 610 3484 3
632 3409 682 3471 illc
697 3408 824 3490 impiger
837 3408 938 3470 hausit

103 3491 302 3575 Spumantem
318 3499 463 3575 pateram,
478 3499 510 3554 et
524 3495 612 3575 pleno
626 3514 658 3555 se
674 3494 784 3575 proluit
798 3513 870 3555 auro
884 3513 892 3569 ;

100 3576 177 3640 Post
191 3577 241 3639 alii
256 3598 403 3659 proceres.
450 3577 573 3640 Cithara
588 3579 711 3641 crinitus
727 3578 815 3660 Iopas

99 3663 251 3726 Personat
266 3668 382 3741 aurata,
398 3662 499 3726 docuit
512 3684 589 3745 quae
601 3664 746 3725 maximus
760 3663 860 3724 Atlas.

95 3747 160 3813 Hic
179 3746 261 3811 canit
275 3751 425 3810 errantem
439 3749 541 3811 lunam
555 3748 683 3831 solisque
697 3749 833 3824 labores3
