2496 4334
148 293 211 354 148
494 311 523 357 r.
540 309 684 356 5155155
704 309 849 355 5155515

147 462 200 524 Μ5
215 483 292 544 5551
305 461 468 542 Α5555155,
484 463 649 546 capitisque
664 462 774 546 injuria
788 463 861 543 cari,

148 546 245 619 Quem
260 569 352 630 regne
368 549 536 632 Hesperiae
551 548 658 611 fraudo
674 556 706 611 et
720 549 860 611 fatalibus
875 549 965 612 arvis.
1147 569 1194 617 355

147 633 238 696 Nunc
255 634 344 696 etiam
355 635 503 717 interpres
518 634 630 712 divum,
644 634 722 696 Jove
738 635 844 697 missus
856 637 893 697 ab
906 636 969 718 ipso
980 668 1024 680 -

147 718 254 782 Testor
268 727 428 803 utrumque
445 725 589 803 caput-
601 721 714 782 celeres
729 720 871 782 mandata
886 742 940 803 per
955 740 1045 784 55155

147 803 275 867 Detulit.
321 805 391 888 Ipse
408 805 497 867 deum
511 806 668 867 manifesto
682 807 714 867 in
727 806 838 868 lumine
854 807 915 868 vidi

146 889 316 953 Intrantem
330 912 441 967 1115155,
456 911 620 973 vocemque
635 891 681 953 his
696 891 817 953 auribus
841 891 936 954 hausi.

146 976 259 1039 Desine
274 997 382 1060 meque
398 977 456 1039 tuis
471 977 631 1039 incendere
646 983 737 1058 teque
756 977 905 1059 querelis:
1147 993 1194 1040 355

146 1062 267 1125 Italiam
281 1084 341 1124 non
356 1069 460 1145 sponte
476 1083 595 1145 sequor.

189 1149 274 1211 Talia
289 1148 439 1211 dicentem
448 1149 627 1231 jamdudum
642 1168 748 1210 aversa
769 1153 882 1227 tuetur,

145 1233 217 1297 Huc
233 1235 303 1296 illue
318 1236 439 1297 volvens
455 1236 566 1312 ocules,
582 1241 736 1315 totumque
757 1241 894 1315 pererrat

146 1319 320 1382 Luminibus
335 1320 446 1398 tacitis,
463 1326 493 1382 et
508 1321 550 1382 sic
567 1340 694 1382 accensa
709 1319 844 1401 profatur
857 1343 864 1383 :

145 1404 213 1467 Nee
228 1406 282 1467 tibi
297 1406 367 1468 diva
377 1426 497 1488 parens,
513 1406 633 1488 generis
646 1426 704 1467 nec
719 1404 881 1468 Dardanus
897 1411 1012 1484 auctor,
1145 1422 1192 1470 355

144 1490 287 1566 Ρ5111(15;
310 1491 364 1553 sed
379 1491 460 1553 duris
477 1491 581 1573 genuit
595 1497 626 1552 te
642 1491 778 1553 cautibus
800 1491 925 1554 horrens

146 1573 308 1653 Caucasus,
326 1577 550 1660 Hyrcanaeque
566 1576 725 1639 admorunt
740 1576 834 1639 ubera
848 1579 952 1659 tigres.

144 1661 224 1723 Nam
240 1661 311 1744 quid
327 1661 503 1724 dissimulo?
527 1669 579 1724 aut
594 1683 670 1745 quae
685 1682 734 1723 me
750 1661 788 1723 ad
803 1663 916 1746 majera
930 1682 1051 1724 reservo
1064 1659 1077 1723 ‘l

144 1746 227 1808 Num
241 1749 314 1809 fietu
328 1748 475 1830 ingemuit
489 1747 615 1810 nestro?
638 1770 710 1810 num
724 1748 836 1810 lumina
850 1747 955 1811 flexit?

143 1832 226 1894 Num
241 1834 388 1916 lacrymas
405 1834 500 1896 victus
516 1833 609 1912 dedit,
625 1840 678 1895 ant
692 1834 849 1896 miseratus
862 1840 1012 1896 amantem
1026 1838 1073 1894 est
1084 1830 1098 1894 ‘l
1143 1849 1189 1897 370

143 1916 227 1989 Quae
243 1919 350 2001 quibus
366 1918 557 1981 anteferam?
575 1920 639 2001 jam
650 1921 715 2002 jam
730 1939 785 1981 nee
802 1920 931 1981 maxima
944 1919 967 1981 J
968 1938 1038 1998 uno,

142 2003 209 2066 Nec
228 2002 386 2067 Saturnius
402 2005 477 2067 11555
493 2005 585 2068 555115
601 2013 687 2087 55151
702 2004 828 2087 adspicit
844 2006 958 2087 aequis.

142 2089 300 2173 Nusquam
316 2096 382 2152 tuta
396 2091 481 2152 fides.
527 2091 667 2173 Ejectum
680 2091 779 2168 litere,
795 2098 945 2172 egentem,

142 2176 267 2259 Excepi,
284 2182 314 2237 51
327 2176 413 2258 regni
428 2176 550 2238 demens
565 2177 596 2237 in
610 2182 696 2258 parte
711 2177 806 2238 locavi
820 2197 828 2252 ;

141 2259 292 2322 Amissam
308 2262 443 2339 classem,
459 2261 552 2323 socios
564 2282 583 2323 a
596 2269 692 2323 morte
708 2262 824 2323 reduxi.

141 2345 214 2406 Heu
228 2347 311 2408 furiis
326 2347 448 2409 incensa
462 2347 557 2410 feror!
602 2346 692 2409 Nunc
709 2368 806 2429 augur
817 2347 938 2429 Apelle,

142 2431 232 2493 Nunc
248 2431 360 2515 Lyciae
377 2440 483 2512 sortes,
499 2454 578 2494 5555
595 2438 626 2494 51
640 2432 717 2494 Jove
733 2434 839 2495 5115555
858 2433 895 2494 ab
909 2433 974 2515 1555

141 2516 296 2599 interpres
308 2518 408 2580 divum
420 2519 480 2580 fert
490 2519 612 2580 horrida
621 2519 707 2601 jussa
721 2540 775 2600 per
787 2539 885 2580 auras.

143 2600 264 2664 Scilicet
278 2604 304 2664 is
321 2602 444 2684 Superis
459 2605 543 2666 labor
558 2610 604 2665 551
617 2624 625 2679 ;
642 2624 678 2665 55
694 2625 767 2665 5515
782 2604 897 2686 quietos

143 2686 298 2750 Sollicitat.
344 2689 453 2771 Neque
469 2696 499 2751 te
514 2695 613 2767 teneo,
628 2710 726 2772 neque
743 2690 824 2751 dicta
840 2690 954 2751 refello.

140 2773 169 2851 I,
185 2795 310 2855 sequere
326 2774 446 2835 ltaliam
462 2775 558 2837 ventis
573 2796 580 2850 ;
603 2781 672 2856 pete
688 2796 783 2856 regna
798 2797 852 2857 per
866 2775 972 2837 undas.

143 2857 237 2941 Spero
253 2859 391 2940 equidem
405 2860 520 2938 mediis,
531 2861 556 2922 si
572 2859 644 2942 quid
659 2861 708 2943 pia
722 2861 844 2922 numina
859 2867 992 2942 possunt,

143 2943 295 3026 Supplicia
309 2945 471 3007 hausurum
486 2947 625 3027 scopulis,
642 2953 672 3007 et
686 2947 803 3008 nemine
820 2945 899 3008 Dido

142 3028 239 3112 Saepe
255 3036 439 3092 vocaturum.
487 3030 605 3114 Sequar
619 3032 691 3093 atris
706 3032 823 3113 ignibus
835 3033 941 3093 absens
955 3051 963 3107 3

141 3116 192 3194 Et,
209 3137 300 3197 quum
314 3116 424 3197 frigida
438 3138 517 3180 mors
533 3119 631 3180 anima
642 3117 795 3179 seduxemt
817 3124 911 3195 51155,

141 3200 285 3263 Omnibus
301 3203 406 3263 umbra
419 3203 491 3264 locis
506 3204 607 3266 ader0.
653 3203 759 3281 Dabis,
774 3203 917 3285 improbe,
932 3223 1054 3284 peenas.

139 3285 282 3365 Audiam,
298 3287 418 3349 ethaeo
435 3288 542 3351 Manes
557 3289 659 3350 veniet
673 3289 744 3349 mibi
759 3290 839 3350 fama
854 3288 1004 3350 subimus.

139 3371 197 3434 His
211 3372 342 3433 medium
359 3371 446 3434 dictis
462 3394 627 3436 sermonem
643 3375 802 3456 abrumpit,
819 3381 850 3436 51
872 3394 961 3436 55155

138 3457 244 3540 Aegra
258 3459 348 3540 fugit,
364 3478 456 3539 seque
473 3480 510 3520 ex
525 3461 618 3522 oeulis
633 3460 742 3521 avertit
758 3466 789 3521 et
804 3460 913 3538 aufert,

138 3544 291 3626 Linquens
306 3544 401 3604 multa
414 3551 498 3606 metu
513 3552 717 3621 cunctantem,
733 3552 764 3607 et
778 3548 873 3607 multa
887 3552 1044 3628 parantem
1085 3572 1089 3589 ¹

138 3629 259 3691 Dicere.
307 3628 481 3712 Suscipiunt
494 3631 635 3707 famulae,
652 3632 841 3713 cellapsaque
855 3631 990 3694 membra

137 3712 307 3776 Marmoreo
322 3716 459 3778 referunt
474 3717 615 3794 thalamo,
631 3717 792 3798 stratisque
809 3724 968 3799 reponunt.

179 3799 224 3861 At
239 3800 305 3883 pius
319 3799 453 3881 Aeneas,
470 3823 641 3885 quanquam
656 3803 749 3864 lenire
763 3802 914 3866 delentem
