2496 4334
452 311 611 358 animnos
641 311 705 356 nra.
737 311 783 356 vr.
1062 295 1123 377 191

88 463 262 546 Respondet
277 463 366 541 curis,
382 471 549 547 aequatque
568 463 721 548 Sychaeus
737 485 876 526 amorem.

88 546 156 610 Nec
172 549 267 610 minus
282 548 414 626 Aeneas,
430 569 502 610 casu
516 569 674 631 percussus
688 548 800 630 iniquo,
1076 569 1124 616 475

88 632 286 716 Prosequitur
299 634 467 715 lacrymans
483 635 570 715 longe
586 640 617 695 et
631 635 789 696 miseratur
804 640 934 694 euntem.

131 718 206 779 Inde
223 718 325 779 datum
338 717 457 779 molitur
471 719 539 780 iter.
583 719 713 801 Jamque
729 738 802 780 arva
816 719 958 780 tenebant

88 801 213 879 Ultima,
229 822 305 884 quae
320 802 397 863 bello
413 803 485 864 clari
500 810 617 865 secreta
631 804 833 884 frequentant.
931 836 936 843 »

88 885 149 947 Hic
164 886 205 948 illi
220 886 350 948 occurrit
365 886 498 969 Tydeus,
512 888 560 949 hic
578 888 706 970 inclytus
722 888 810 949 armis

88 969 343 1052 Parthenopaeus,
359 978 390 1032 et
404 971 530 1034 Adrasti
545 973 681 1054 pallentis
696 972 793 1053 imago
806 992 814 1047 3

87 1053 148 1116 Hic
164 1056 288 1116 multum
303 1055 365 1116 fleti
380 1056 418 1116 ad
433 1077 555 1138 superos
566 1056 702 1138 belloque
718 1056 825 1118 caduci

88 1137 291 1216 Dardanidae,
307 1159 380 1221 quos
395 1141 444 1202 ille
459 1161 559 1203 omnes
574 1141 661 1222 longo
676 1141 777 1202 ordine
794 1161 919 1203 cernens

87 1222 250 1305 Ingemuit,
268 1223 486 1306 Glaucumque,
501 1225 716 1307 Medontaque,
732 1225 1026 1307 Thersilochumque,

87 1307 162 1370 Tres
176 1308 389 1388 Antenoridas,
406 1309 568 1391 Cererique
584 1330 702 1372 sacrum
718 1310 933 1393 Polyphoeten,

87 1391 284 1475 Idaeumque,
302 1394 392 1455 etiam
407 1415 523 1471 currus,
539 1395 629 1456 etiam
644 1416 727 1457 arma
740 1401 902 1456 tenentem.
1073 1412 1121 1460 485

89 1477 289 1540 Circumstant
303 1478 418 1540 animae
434 1478 541 1540 dextra
554 1480 699 1560 laevaque
714 1482 897 1561 frequentes.

87 1561 120 1623 N
121 1582 155 1624 ec
170 1562 278 1625 ddisse
293 1564 385 1624 semel
399 1563 470 1625 satis
486 1571 551 1625 est:
570 1565 658 1646 juvat
672 1585 766 1647 usque
781 1564 901 1643 morari,

88 1645 130 1708 Et
145 1647 279 1709 conferre
295 1647 431 1728 gradum,
447 1655 478 1710 et
492 1648 629 1710 veniendi
646 1648 760 1711 discere
777 1669 907 1711 caussas.

87 1730 133 1793 At
147 1730 285 1794 Danaum
299 1752 438 1815 proceres
453 1732 765 1815 Agamemnoniaeque
781 1734 944 1816 phalanges

88 1814 132 1877 Ut
146 1816 248 1878 videre
264 1817 370 1894 virum,
385 1816 590 1899 fulgentiaque
607 1838 690 1880 arma
704 1839 758 1900 per
772 1819 904 1897 umbras,

88 1899 209 1980 Ingenti
225 1900 374 1983 trepidare
388 1909 490 1963 metu:
515 1923 583 1984 pars
598 1909 716 1964 vertere
731 1909 829 1984 terga,

90 1983 153 2046 Ceu
168 1985 317 2068 quondam
331 1986 444 2068 petiere
460 1993 539 2049 rates
554 2007 562 2062 ;
585 2008 654 2068 pars
669 1988 772 2048 tollere
788 2008 893 2049 vocem

89 2068 236 2150 Exiguam
249 2092 257 2132 ε
280 2071 417 2152 inceptus
433 2072 542 2133 clamor
554 2071 716 2133 frustratur
730 2071 856 2133 hiantes.

129 2153 233 2237 Atque
248 2155 296 2217 hic
312 2155 483 2217 Priamiden
496 2156 640 2217 laniatum
655 2176 776 2238 corpore
791 2162 853 2218 toto

88 2237 275 2321 Deiphobum
289 2240 373 2317 vidit,
388 2241 521 2301 lacerum
536 2240 697 2302 crudeliter
711 2261 773 2317 ora,

90 2323 152 2385 Ora
166 2344 329 2406 manusque
345 2325 456 2400 ambas,
471 2326 670 2406 populataque
686 2332 820 2407 tempora
834 2323 926 2407 raptis

88 2408 232 2486 Auribus,
248 2415 279 2471 et
294 2416 414 2471 truncas
429 2409 582 2471 inhonesto
597 2411 719 2470 vulnere
735 2429 832 2471 nares.

90 2491 151 2553 Vix
166 2491 241 2554 adeo
256 2494 377 2574 agnovit
392 2493 574 2575 pavitantem
590 2501 620 2555 et
635 2494 700 2556 dira
714 2499 866 2575 tegentem

91 2575 253 2657 Supplicia,
269 2585 300 2639 et
313 2579 390 2639 notis
407 2580 565 2660 compellat
579 2579 699 2640 vocibus
713 2580 811 2640 ultro:

88 2659 242 2741 Deiphobe
258 2663 447 2743 armipotens,
464 2684 558 2743 genus
574 2665 633 2724 alto
644 2683 666 2740 a
681 2663 824 2744 sanguine
840 2660 960 2738 Teucri,
1075 2677 1091 2722 5

90 2743 162 2815 Quis
177 2752 239 2806 tam
254 2746 389 2808 crudeles
404 2748 517 2828 optavit
532 2769 648 2809 sumere
664 2745 800 2829 poenas?

90 2828 146 2890 Cui
161 2835 277 2891 tantum
292 2830 329 2892 de
349 2837 379 2892 te
394 2831 504 2894 licuit?
549 2831 625 2892 Mihi
641 2833 720 2893 fama
735 2849 873 2913 suprema

89 2912 187 2976 Nocte
205 2916 273 2977 tulit
287 2916 397 2977 fessum
413 2923 541 2978 vastate
556 2916 649 2977 caede
665 2916 826 2997 Pelasgum

89 2997 286 3061 Procubuisse
302 3021 391 3081 super
406 3001 544 3062 confusae
560 3000 668 3080 stragis
684 3021 833 3062 acervum.

89 3081 174 3145 Tunc
190 3091 308 3164 egomet
323 3086 468 3145 tumulum
483 3085 618 3146 Rhoeteo
634 3086 664 3144 in
679 3085 763 3145 litore
779 3084 898 3143 inanem

90 3165 248 3245 Constitui,
264 3175 295 3229 et
308 3189 417 3249 magna
432 3168 539 3229 Manes
554 3174 601 3229 ter
615 3189 688 3230 voce
701 3168 814 3229 vocavi.

89 3249 121 3310 N
123 3271 209 3312 omen
223 3258 254 3312 et
269 3273 351 3313 arma
365 3254 461 3313 locum
477 3258 598 3313 servant
611 3272 619 3326 3
643 3258 684 3329 te,
700 3253 805 3328 amice,
821 3246 941 3332 nequivi

90 3333 280 3417 Conspicere,
296 3343 327 3397 et
340 3337 437 3417 patria
452 3336 600 3397 decedens
616 3357 725 3417 ponere
743 3343 833 3397 terra.

89 3417 141 3479 Ad
157 3440 233 3499 qnae
249 3420 433 3493 Priamides:
458 3421 542 3480 Nihil
557 3442 574 3481 o
589 3421 643 3481 tibi
657 3421 750 3481 amice
766 3420 921 3492 relictum3

90 3501 199 3564 Omnia
213 3505 367 3585 Deiphobo
382 3505 494 3565 solvisti
509 3511 539 3565 et
554 3505 666 3565 funeris
682 3504 804 3565 umbris.

92 3585 153 3648 Sed
169 3609 214 3650 me
230 3589 292 3649 fata
306 3609 374 3649 mea
389 3595 419 3649 et
434 3590 532 3650 scelus
548 3589 665 3649 exitiale
682 3589 838 3650 Lacaenae

89 3671 148 3732 His
162 3693 292 3734 mersere
308 3672 392 3734 malis
406 3693 414 3746 ;
437 3674 488 3733 illa
502 3673 576 3733 haec
591 3680 782 3733 monumenta
799 3670 930 3751 reliquit.

89 3755 241 3838 Namque,
256 3763 290 3818 ut
304 3778 472 3839 supremam
486 3757 562 3818 falsa
576 3757 655 3818 inter
669 3756 779 3837 gandia
795 3760 913 3816 noctem
