2496 4334
99 284 118 347 8
434 302 464 348 P.
488 299 631 346 vmcrmr
653 299 799 345 unrocus
855 336 858 341 .

141 454 206 517 Du.
224 453 283 528 Qui
298 460 340 532 te,
356 455 462 534 Pollio,
478 460 569 533 amat,
585 454 697 532 veniat,
713 475 772 537 quo
788 459 818 516 te
834 474 953 536 quoque
969 453 1104 534 gaudet3

97 540 194 604 Mella
207 543 304 603 fluant
317 541 371 619 illi,
386 541 466 602 ferat
481 547 513 602 et
527 541 619 603 rubus
635 561 723 622 asper
738 561 896 602 amomum.
978 592 982 600 .

141 625 205 689 Me.
225 623 284 699 Qui
299 626 429 688 Bavium
443 648 503 688 non
518 626 591 704 odit,
608 632 689 688 amet
703 631 757 688 tua
772 626 915 704 carmina,
931 624 1034 687 Macri
1047 645 1056 702 ;
1114 646 1145 694 90

15 775 18 779 .
96 711 202 795 Atque
218 713 299 775 idem
309 712 420 796 jungat
435 713 552 794 vulpes,
568 719 600 774 et
613 713 748 793 mulgeat
761 712 869 773 hircos.

29 800 32 808 '
140 799 204 860 Dc.
222 797 281 872 Qui
295 797 394 880 legitis
408 799 496 859 flores
512 804 543 859 et
556 797 640 859 humi
654 798 809 859 nascentia
823 797 922 879 fraga,

96 883 249 966 Frigidus,
265 905 282 946 o
298 883 395 966 pueri,
410 883 508 965 fugite
522 883 604 961 hinc,
619 883 696 944 latet
711 883 817 964 anguis
832 882 864 945 in
877 883 982 945 herba.

6 975 10 979 ’
140 968 204 1032 Mc.
222 969 355 1048 Parcite,
371 989 452 1048 oves,
468 969 592 1030 nimium
606 969 791 1051 procedere:
816 990 876 1031 non
889 971 966 1032 bene
981 970 1065 1053 ripae

98 1054 241 1118 Creditur
255 1075 262 1130 ;
285 1055 348 1138 ipse
365 1055 442 1116 aries
458 1055 548 1116 etiam
563 1075 643 1116 nuno
659 1055 773 1116 vellera
786 1054 890 1117 siccat.
1113 1075 1146 1124 95

139 1142 204 1203 Du.
228 1141 278 1203 m't
265 1147 344 1224 tyre
360 1147 518 1223 pascentes
534 1140 686 1202 afluminc
702 1140 783 1201 reice
800 1142 951 1222 capellas:

96 1227 179 1310 Ipse,
195 1227 246 1288 ubi
261 1233 379 1310 tempus
395 1226 463 1304 erit,
478 1247 580 1288 omnes
594 1226 626 1287 in
640 1225 722 1287 fonte
736 1225 853 1288 lavabo.

90 1362 94 1368 .
140 1312 204 1375 Me
223 1312 328 1394 Cogite
344 1332 426 1391 oves,
443 1311 550 1393 pueri3
574 1311 659 1373 s1lac
676 1312 865 1394 praeceperit
880 1318 981 1376 aestus

96 1399 142 1462 Ut
156 1420 263 1482 nuper,
279 1398 394 1459 frustra
408 1396 609 1480 pressabimus
624 1396 838 1460 uberamrs
732 1397 848 1480 palmis.

142 1485 206 1546 Du.
220 1484 304 1562 Heu,
316 1485 388 1630 heu,
404 1504 495 1566 quam
509 1482 614 1565 pingui
627 1503 730 1544 macer
745 1490 791 1545 est
805 1445 877 1546 mihi
891 1482 1018 1546 taurus
1010 1481 1143 1546 marvo!

96 1570 184 1632 Idem
200 1591 281 1632 amor
296 1569 356 1632 exit
356 1569 420 1631 ium
434 1568 546 1651 pecori,
560 1568 736 1651 pecorisque
754 1569 909 1652 magistro
1098 1587 1144 1635 101

139 1654 203 1718 Me.
221 1655 280 1717 His
296 1661 378 1718 corte
394 1674 493 1737 neque
510 1675 592 1716 amor
607 1675 714 1716 caussa
729 1660 795 1717 est:
813 1655 864 1718 vix
879 1655 993 1718 ossibus
1005 1653 1133 1715 haerent
1120 1659 1143 1713 t.

97 1741 210 1804 Nescio
225 1741 292 1822 quis
308 1748 427 1803 teneros
442 1741 546 1802 oculus
560 1740 633 1801 mihi
647 1740 776 1802 fascinat
791 1761 894 1822 agnos.

139 1828 204 1889 Da.
221 1827 291 1905 Dic,
307 1827 414 1910 quibus
429 1826 461 1887 in
475 1824 575 1904 terris,
591 1830 622 1887 et
638 1825 696 1889 eris
711 1826 784 1887 mihi
798 1847 926 1908 magnus
940 1825 1063 1909 Apollo,

97 1913 172 1976 Tres
187 1919 291 1996 pateat
307 1913 382 1975 caeli
397 1912 526 1995 spatium
541 1931 602 1973 non
617 1913 743 1994 amplius
757 1912 855 1974 ulnas.
1099 1928 1145 1977 105

139 1997 204 2060 Me.
222 1998 293 2076 Dic,
309 1998 416 2081 quibus
432 1998 463 2059 in
478 1996 567 2059 terris
581 1997 717 2081 inscripti
730 1997 851 2062 nomina
865 2019 972 2081 regum

96 2084 271 2147 Nascantur
284 2085 371 2146 flores
386 2104 393 2160 ;
410 2091 442 2146 et
456 2082 598 2166 Phyllida
612 2083 692 2146 solus
706 2084 826 2146 habeto.

138 2170 203 2232 Pa.
220 2170 253 2232 N
254 2192 293 2232 on
306 2177 441 2232 nostrum
455 2169 535 2231 intcr
550 2189 602 2232 vos
617 2175 717 2232 tantas
733 2190 911 2253 componere
925 2169 1004 2232 lites.

96 2255 138 2317 Et
153 2257 248 2319 vitula
262 2261 296 2317 tu
312 2255 432 2337 dignus,
448 2259 480 2316 ct
493 2254 555 2333 hio,
571 2259 603 2317 et
618 2254 753 2338 quisquis
768 2276 885 2319 amores

95 2340 162 2403 Aut
176 2347 292 2404 metuet
307 2341 422 2420 dulces,
438 2346 491 2403 aut
506 2338 678 2422 experietur
693 2361 820 2404 amaros,

97 2425 236 2491 Claudite
247 2428 313 2512 jam
328 2427 418 2506 rivos,
433 2425 539 2510 puori:
557 2431 604 2488 sat
619 2432 707 2508 prata
720 2426 870 2489 biberimt.

412 2693 821 2703 ——--——-——-

479 2876 766 2946 POLLIO.

510 3057 660 3110 morcon
684 3058 733 3111 iv.
835 3025 839 3034 ‘

931 3124 945 3171 ,γι

924 3160 961 3221 a,
979 3194 986 3226 ζ
1034 3192 1037 3201 ,

140 3205 313 3270 sisennus
329 3205 449 3285 Musae,
465 3206 564 3289 paullo
579 3207 692 3290 majora
708 3206 871 3271 canamus!

137 3293 209 3355 Non
224 3313 326 3355 omnes
342 3292 466 3354 arbusta
476 3293 587 3376 juvant
601 3292 787 3374 humilesque
803 3292 937 3376 myricae
950 3313 959 3369 ;

140 3378 173 3442 Si
189 3378 323 3441 canimus
339 3377 440 3456 silvas,
456 3378 548 3440 silvae
565 3378 624 3440 sint
640 3377 769 3440 Consule
785 3377 905 3460 dignae.

180 3463 296 3526 Ultima
313 3461 438 3525 Cumaei
453 3463 537 3525 venit
548 3463 612 3546 jam
628 3464 768 3526 carminis
784 3471 890 3540 aetas3

140 3549 275 3632 Magnus
291 3548 328 3610 ab
343 3548 462 3630 integro
477 3550 644 3612 saeclorum
659 3551 756 3612 nascit
743 3556 793 3611 tur
807 3549 890 3613 ordo

136 3635 158 3698 J
160 3657 208 3697 am
223 3635 348 3697 rediet
335 3634 471 3733 Vtirgo,
487 3636 616 3697 redeunt
633 3634 776 3698 Saturnia
790 3655 908 3718 regna3

52 3778 58 3809 ᾖ
136 3721 158 3783 J
160 3742 209 3783 am
223 3742 301 3783 nova
315 3741 391 3803 pro
373 3721 473 3782 venies
489 3722 572 3797 caelo
588 3721 719 3784 demittit
668 3729 756 3784 tutur
772 3723 843 3784 alto

55 3820 62 3873 ἰ
138 3807 185 3869 Tu
199 3806 287 3869 modo
302 3814 429 3869 nascent
428 3806 439 3868 i
454 3798 559 3890 puerd',
575 3829 635 3889 quo
649 3808 750 3870 ferrea
764 3808 894 3891 primum
