2496 4334
102 254 165 319 316
446 272 476 318 r.
499 271 643 319 vmormr
663 271 808 319 uanorus

102 423 129 488 Ο
146 425 280 489 cohibete
294 425 375 491 iras!
398 426 492 489 ictum
501 426 565 510 jam
579 425 685 490 foedus
700 432 732 490 et
745 447 848 490 omnes

34 542 37 547 ·
102 509 289 594 Compositae
303 512 409 594 leges:
430 512 501 574 mihi
511 511 563 595 jus
578 531 756 574 concurrere
771 513 825 575 soli
838 532 846 588 3

100 595 154 658 Me
171 596 269 674 sinite,
285 603 376 678 atque
391 597 508 659 auferte
523 603 633 659 metus.
680 597 746 679 Ego
760 597 885 661 foedera
898 597 968 661 faxo

100 679 202 742 Firma
215 701 306 742 manu
318 703 332 742 :.
348 681 482 743 Turnum
497 681 608 744 debent
621 682 696 744 haec
707 683 771 765 jam
785 683 858 745 mihi
871 703 968 747 sacra.

100 764 167 827 Has
181 766 261 826 inter
274 786 374 844 voces,
390 766 488 828 media
502 766 581 828 inter
595 767 668 829 talia
682 766 785 843 verba,

101 849 194 928 Ecce,
209 850 272 913 viro
286 851 415 913 stridens
430 852 484 914 alis
499 853 612 934 allapsa
626 851 737 933 sagitta
752 858 809 930 est,

100 934 265 1014 Incertum,
281 955 341 1018 qua
354 937 441 1019 pulsa
454 956 556 1014 manu,
573 958 632 1019 quo
647 937 766 999 turbine
784 937 905 1017 adacta,

101 1019 174 1092 Quis
190 1026 305 1082 tantam
320 1021 440 1084 Rutulis
455 1021 587 1100 laudem,
603 1041 728 1084 casusne
744 1021 869 1103 deusne,

99 1104 267 1166 Attulerit:
291 1126 395 1188 pressa
409 1112 455 1168 est
469 1106 592 1188 insignis
609 1107 703 1188 gloria
717 1107 801 1185 facti,

100 1189 167 1251 Nec
190 1210 255 1252 sese
270 1190 396 1253 Aeneae
406 1191 536 1275 jactavit
550 1192 673 1253 vulnere
689 1192 856 1274 quisquam.

142 1274 273 1353 Turnus,
287 1281 322 1337 ut
337 1276 465 1338 Aenean
480 1274 637 1339 cedentem
653 1297 690 1338 ex
705 1277 823 1358 agmine
838 1276 913 1340 vidit

99 1358 306 1442 Turbatosque
322 1359 425 1439 duces,
441 1361 538 1422 subita
552 1381 605 1443 spe
619 1361 752 1424 fervidus
767 1361 875 1424 ardet:

99 1443 201 1506 Poscit
216 1465 308 1527 equos
323 1452 413 1527 atque
430 1467 513 1508 arma
527 1445 625 1524 simul,
641 1447 778 1528 saltuque
794 1446 940 1529 superbus
993 1480 997 1485 ·

99 1528 219 1591 Emicat
232 1529 264 1590 in
278 1550 398 1592 currum
414 1536 446 1592 et
459 1530 593 1592 manibus
607 1531 727 1593 molitur
740 1531 883 1594 habenas.

98 1613 197 1676 Multa
211 1614 307 1676 virum
321 1615 447 1677 volitans
462 1616 514 1678 dat
528 1615 619 1678 fortia
633 1636 758 1698 corpora
774 1615 834 1678 leto
847 1635 856 1693 3

100 1696 272 1761 Semineces
287 1700 377 1762 volvit
391 1701 511 1779 multos,
526 1707 579 1764 aut
593 1701 713 1783 agmina
727 1721 818 1763 curru

99 1781 241 1862 Proterit,
258 1790 310 1846 aut
324 1791 426 1867 raptas
440 1784 623 1866 fugientibus
638 1785 748 1868 ingerit
765 1787 876 1848 hastas.

99 1865 202 1939 Qualis
217 1869 298 1951 apud
312 1869 404 1950 gelidi
419 1890 511 1952 quum
525 1871 647 1943 flumina
662 1871 796 1932 concitus
811 1869 910 1932 Hebri
1036 1900 1040 1906 ·

101 1951 290 2035 Sanguineus
305 1953 428 2017 Mavors
444 1955 549 2038 clypeo
564 1955 690 2033 intonat,
702 1961 794 2037 atque
809 1954 944 2018 timentes

98 2037 186 2101 Bella
199 2059 321 2102 movens
336 2039 468 2102 immittit
483 2060 575 2122 equos
588 2060 597 2115 ;
619 2040 662 2102 illi
673 2060 802 2122 aequore
818 2045 922 2121 aperto

97 2122 181 2186 Ante
197 2125 294 2186 Notos
307 2124 537 2207 Zephyrumque
552 2126 654 2187 volant
666 2144 674 2200 3
698 2124 791 2205 gemit
804 2124 910 2186 ultima
923 2124 1014 2207 pulsu

98 2209 217 2271 Thraca
230 2209 340 2291 pedum
352 2229 360 2285 ;
384 2209 555 2291 circumque
571 2216 654 2271 atrae
668 2207 846 2271 Formidinis
862 2229 915 2272 ora
995 2261 1006 2281 ,
1122 2230 1136 2245 ”

98 2293 227 2376 Iraeque
244 2293 446 2376 Insidiaeque,
461 2293 510 2354 dei
525 2294 692 2371 comitatus,
707 2298 801 2374 agunt
840 2340 848 2355 .

98 2377 179 2441 Talis
194 2399 285 2460 equos
301 2380 401 2441 alacer
415 2378 514 2441 media
528 2379 607 2440 inter
618 2379 730 2460 proelia
744 2378 863 2441 Turnus

97 2462 260 2525 Fumantes
272 2463 379 2526 sudore
395 2464 502 2546 quatit,
518 2464 684 2526 miserabile
701 2463 795 2525 eaesis

97 2547 242 2610 Hostibus
257 2548 402 2610 insultans
416 2569 424 2623 ;
447 2549 562 2630 spargit
574 2548 679 2631 rapida
692 2549 806 2628 ungula
819 2567 902 2611 rores

99 2631 296 2715 Sanguineos,
312 2634 463 2714 mixtaque
480 2654 567 2695 cruor
583 2634 716 2694 calcatur
730 2653 832 2696 arena.
1089 2655 1137 2704 340

96 2717 227 2800 Jamque
242 2719 309 2780 neci
326 2717 560 2800 Sthenelumque
576 2718 670 2796 dedit,
682 2717 925 2802 Thamyrimque,
937 2717 1137 2802 Pholumque,

52 2880 55 2886 ,
96 2802 189 2865 Hunc
206 2823 381 2884 congressus
397 2810 428 2864 et
442 2804 533 2880 hunc,
549 2804 632 2864 illum
647 2803 760 2864 eminus
775 2823 784 2878 ;
805 2803 919 2865 eminus
934 2802 1020 2864 ambo

97 2886 290 2965 Imbrasidas,
307 2886 455 2950 Glaucum
471 2894 561 2969 atque
578 2887 693 2966 Laden,
708 2909 782 2970 quos
797 2887 950 2950 Imbrasus
963 2887 1027 2971 ipse

97 2971 257 3034 Nutrierat
271 2971 376 3056 Lycia,
392 2973 574 3055 paribusque
590 2979 749 3034 ornaverat
762 2972 863 3050 armis,

96 3057 157 3120 Vel
173 3058 308 3120 conferre
324 3078 455 3136 manum,
470 3058 519 3118 vel
533 3077 610 3139 equo
625 3063 816 3139 praevertere
829 3062 943 3119 ventos.
1089 3080 1137 3128 345

96 3141 189 3204 Parte
205 3143 264 3205 alia
277 3142 377 3204 media
392 3141 543 3204 Eumedes
558 3143 590 3203 in
604 3142 716 3224 proelia
730 3141 839 3220 fertur,

95 3226 225 3308 Antiqui
239 3228 337 3309 proles
351 3227 429 3289 bello
444 3228 599 3309 praeclara
613 3227 748 3305 Dolonis,

96 3311 225 3373 Nomine
242 3332 331 3373 avum
345 3311 489 3389 referens,
505 3311 602 3372 animo
616 3312 810 3392 manibusque
825 3316 992 3393 parentem,

96 3395 155 3469 Qui
172 3396 332 3479 quondam,
348 3401 447 3457 castra
461 3401 496 3457 ut
510 3395 649 3457 Danaum
664 3397 834 3478 speculator
848 3396 955 3477 adiret,

95 3481 199 3544 Ausus
215 3481 338 3543 Pelidae
353 3480 482 3562 pretium
498 3480 552 3542 sibi
568 3501 689 3561 poscere
707 3501 812 3542 currus
826 3500 834 3556 ;
1090 3501 1137 3550 350

95 3567 186 3629 Illum
201 3567 335 3650 Tydides
351 3566 408 3628 alio
423 3586 477 3648 pro
491 3565 599 3627 talibus
614 3566 694 3628 ausis

96 3651 208 3714 Affecit
223 3653 330 3734 pretio,
345 3672 443 3733 neque
459 3650 544 3732 equis
560 3650 695 3733 adspirat
708 3649 847 3712 Achillis.

96 3734 188 3799 Hunc
204 3738 308 3820 procul
322 3743 357 3799 ut
372 3756 476 3820 campo
489 3735 609 3798 Turnus
623 3735 776 3821 prospexit
786 3740 902 3820 aperto,
