2496 4334
97 282 161 347 180
435 298 465 346 Ρ.
488 299 630 345 rnrcmn
652 298 796 344 mancius

97 451 294 534 Perlegerent
309 451 412 530 oculis,
427 452 458 513 ni
468 452 531 535 jam
545 451 725 534 praemissus
739 451 876 516 Achates

96 538 225 615 Afforet,
241 544 331 619 atque
346 558 407 599 una
421 537 534 598 Phoebi
549 537 726 619 Triviaeque
742 539 892 618 sacerdos,

97 623 253 705 Deiphobe
269 621 388 700 Glauci,
402 622 484 684 fatur
499 643 575 704 quae
590 622 662 684 talia
675 621 761 704 regi:

98 708 169 771 Non
183 707 239 769 hoc
254 706 312 769 ista
327 707 382 769 sibi
397 713 513 789 tempus
528 708 700 789 spectacula
714 707 819 789 poscit.

97 792 188 855 Nunc
203 813 296 874 grege
312 792 350 855 de
364 792 476 855 intacto
492 798 606 874 septem
619 799 751 854 mactare
762 792 909 874 juvencos

97 877 298 955 Praestiterit,
314 877 439 940 totidem
451 879 545 939 lectas
560 877 598 939 de
613 898 694 939 more
709 877 855 939 bidentes.

140 962 261 1025 Talibus
276 963 365 1024 affata
379 962 508 1024 Aenean
518 997 560 1007 -
572 982 628 1023 nec
644 983 730 1023 sacra
747 969 901 1024 morantur

97 1048 119 1110 J
120 1068 190 1109 ussa
204 1047 260 1109 viri
270 1083 315 1094 -
325 1046 456 1110 Teucros
471 1053 558 1108 vocat
575 1047 636 1108 alta
649 1048 681 1108 in
695 1047 807 1128 tcmpla
821 1047 970 1110 sacerdos.

98 1133 241 1194 Excisum
256 1131 407 1194 Euboicae
422 1133 501 1194 latus
515 1131 621 1212 ingens
636 1130 717 1212 rupis
731 1131 762 1192 in
778 1137 917 1194 antrum:

98 1216 165 1291 Quo
179 1218 233 1279 lati
248 1217 362 1279 ducunt
376 1216 474 1279 aditus
490 1223 619 1294 centum,
635 1216 710 1278 ostia
725 1222 845 1277 centum
858 1237 866 1292 3

97 1302 187 1365 Unde
201 1308 293 1364 ruunt
307 1301 431 1364 totidem
445 1321 544 1378 voces,
559 1321 701 1383 responsa
717 1299 859 1384 Sibyllae.

98 1387 231 1450 Ventum
246 1393 312 1449 erat
326 1385 364 1449 ad
378 1387 480 1464 limen,
495 1406 587 1467 quum
598 1386 693 1468 virgo,
709 1386 837 1448 Poscere
852 1387 916 1450 fata

100 1474 231 1556 Tempus
246 1473 307 1534 ait:
332 1471 417 1551 deus,
433 1492 516 1549 ecce,
532 1471 626 1534 deus!
673 1471 729 1534 Oui
745 1471 816 1534 talia
830 1472 906 1534 fanti

98 1559 181 1620 Ante
196 1558 286 1637 fores,
301 1557 398 1619 subito
412 1578 472 1619 non
486 1557 597 1634 vultus,
612 1577 672 1617 non
687 1557 767 1619 color
780 1578 868 1635 unus,

99 1642 171 1705 Non
186 1649 300 1705 comtae
316 1663 452 1704 mansere
468 1662 569 1704 comae
583 1661 591 1717 ;
614 1642 668 1703 sed
682 1648 787 1725 pectus
803 1643 954 1722 anhelum,

91 1728 141 1790 *Et
154 1728 236 1790 rabie
251 1728 316 1790 fera
331 1727 421 1790 corda
435 1733 570 1802 tument3
593 1728 745 1810 majorque
760 1726 866 1805 videri,

99 1811 166 1876 Nec
180 1814 304 1875 mortale
320 1833 426 1875 sonans
440 1833 448 1888 3
472 1811 571 1875 afflata
586 1819 632 1874 est
646 1812 766 1873 numine
781 1813 900 1894 quando

98 1897 120 1960 J
122 1919 170 1960 am
184 1898 335 1981 propriore
351 1897 410 1960 dei.
456 1896 563 1960 Cessas
577 1897 608 1958 in
623 1903 693 1959 vota
707 1917 883 1980 precesque,

98 1982 184 2061 Tros,
200 1983 252 2062 ait,
267 1981 402 2045 Aenea?
425 1981 551 2044 cessas?
573 2003 671 2064 neque
687 1982 765 2044 enim
781 1990 850 2045 ante
867 1983 1021 2046 dehiscent

97 2067 254 2131 Attonitae
267 2088 377 2150 magna
391 2088 444 2130 ora
458 2067 562 2129 domus
576 2087 583 2141 ;
607 2074 638 2129 et
653 2067 725 2129 talia
738 2067 802 2130 fata

99 2152 259 2215 Conticuit.
305 2151 430 2216 Gelidus
445 2152 569 2215 Teucris
585 2173 640 2235 per
655 2153 731 2215 dura
746 2151 880 2214 cucurrit

99 2236 176 2300 Ossa
190 2244 311 2315 tremor,
326 2237 483 2318 funditque
498 2257 603 2318 preces
618 2258 672 2299 rex
686 2244 807 2320 pectore
823 2237 860 2299 ab
875 2238 954 2300 imo:

98 2322 229 2400 Phoebe,
245 2343 352 2404 graves
365 2321 474 2404 Trojae
490 2343 608 2403 semper
621 2318 760 2384 miserate
777 2323 905 2401 labores,

97 2406 241 2469 Dardana
256 2407 308 2489 qui
322 2406 439 2469 Paridis
455 2407 563 2468 direxti
577 2408 638 2469 tela
652 2429 816 2490 manusque

99 2491 214 2574 Corpus
228 2493 259 2553 in
274 2491 427 2554 Aeacidae
442 2512 450 2567 ;
473 2513 596 2573 magnas
612 2493 751 2554 obeuntia
766 2500 862 2554 terras

97 2577 155 2639 Tot
170 2577 263 2640 maria
278 2577 398 2656 intravi,
413 2577 490 2639 duce
505 2583 548 2655 te,
563 2577 741 2659 penitusque
757 2584 891 2659 repostas
992 2611 994 2615 ·

97 2662 265 2746 Massylum
279 2668 385 2744 gentes
400 2668 617 2744 praetentaque
635 2661 774 2745 Syrtibus
789 2682 883 2738 arva3

96 2747 168 2812 «lam
183 2747 304 2814 tandem
319 2746 426 2809 Italiae
441 2747 583 2828 fugientis
596 2747 769 2828 prendimus
785 2768 863 2810 oras.

97 2832 166 2894 Hac
183 2831 311 2915 Trojana
325 2839 413 2895 tenus
427 2832 519 2893 fuerit
533 2832 653 2893 fortuna
668 2839 782 2895 secuta.

97 2916 162 2979 Vos
177 2937 294 2999 quoque
310 2917 496 2998 Pergameae
507 2918 571 3000 jam
585 2917 630 2980 fas
647 2923 693 2979 est
708 2937 832 3000 parcere
848 2919 943 2999 genti,

96 3002 196 3084 Dique
212 3002 347 3083 deaeque
363 3022 474 3082 omues,
490 3002 597 3083 quibus
613 3002 726 3064 obstitit
741 3002 831 3063 Ilium
846 3003 998 3085 elingens

98 3083 201 3150 Gloria
215 3086 398 3151 Dardaniae.
442 3086 560 3169 Tuque,
578 3084 605 3150 Ο
623 3087 807 3154 sanctissima
821 3095 915 3167 vates,

97 3171 240 3233 Praescia
254 3172 384 3248 venturi,
400 3172 439 3233 da
450 3207 493 3238 -,-
504 3193 563 3233 non
577 3171 710 3233 indebita
724 3192 813 3252 posco

97 3256 207 3336 Regna
221 3256 295 3318 meis
308 3256 379 3325 fatis
391 3255 531 3328 -Latio
546 3255 699 3318 considere
719 3256 860 3334 Teucros,

98 3339 302 3422 Errantesque
318 3340 389 3402 deos
404 3341 576 3422 agitataque
591 3341 714 3404 numina
728 3340 846 3422 Trojae,

98 3425 175 3487 Tum
191 3424 311 3486 Phoebo
326 3431 358 3487 et
372 3425 489 3490 Triviae
505 3425 597 3487 solido
613 3425 650 3486 de
665 3446 811 3501 mamnore
823 3425 967 3508 templum

99 3510 260 3572 Instituam
274 3510 424 3592 festosque
440 3510 504 3571 dics
519 3510 556 3572 de
572 3510 689 3571 nomine
705 3509 828 3571 Phoebi.

99 3595 142 3655 Te
158 3615 275 3676 quoque
290 3615 400 3676 magna
413 3601 536 3656 manent
550 3595 650 3674 regnis
665 3595 830 3676 penetralia
844 3594 971 3656 nostris:

85 3679 160 3740 'Hic
176 3699 232 3759 ego
246 3700 375 3761 namque
391 3686 458 3740 tuas
474 3686 579 3756 sortes,
596 3699 765 3761 arcanaque
781 3679 855 3757 fata,

100 3763 190 3824 Dicta
204 3784 288 3825 meae
304 3764 398 3845 genti,
414 3784 532 3845 ponam,
547 3763 700 3845 lectosque
716 3763 851 3841 sacrabo,
