2496 4334
99 273 162 338 240
434 291 463 336 r.
487 289 629 336 macrum
650 289 794 337 uunoms

98 441 170 506 Una
184 464 285 507 omnes
300 464 399 523 ruere,
415 463 450 506 ac
467 449 562 506 totum
577 463 715 526 spumare
730 441 863 505 reductis

60 599 63 604 ,
99 528 280 592 Convulsum
295 530 384 591 remis
399 529 560 611 rostrisque
576 528 755 590 tridentibus
770 548 892 610 aequor.

95 614 172 677 Alta
185 621 311 697 petunt:
336 615 443 696 pelago
458 615 564 677 credas
577 613 681 677 innare
702 615 836 676 revulsas
857 614 940 672 low*
954 605 1002 673 W?

98 698 258 783 Cycladas,
274 706 326 762 aut
340 706 455 761 montes
471 705 649 762 concurrere
664 699 813 761 montibus
828 699 918 760 altos:

96 784 194 847 rana
210 785 286 847 moa
301 785 357 847 viri
371 785 486 846 amata
500 783 647 866 puppibus
666 765 936 861 assaraco&

98 868 234 952 Stuppaa
246 871 366 932 flamma
380 890 470 931 manu
484 869 597 951 telique
610 869 729 931 volatile
748 869 863 931 ferrum

97 952 257 1037 Spargitur
270 975 279 1031 ;
301 976 374 1017 arva
388 975 466 1016 nova
480 954 636 1036 Neptunia
652 953 745 1016 caede
767 954 940 1016 rubescunt.

94 1041 213 1122 Regina
227 1040 259 1102 in
273 1040 377 1102 mediis
392 1040 488 1122 patrio
503 1045 591 1101 vocat
607 1040 727 1120 agmina
741 1038 839 1117 sistro,

94 1123 235 1188 Necdum
251 1127 341 1188 etiam
355 1125 487 1206 geminos
500 1145 518 1186 a
533 1130 619 1205 tergo
633 1125 759 1206 respicit
770 1145 894 1207 angues.

95 1208 354 1294 Omnigenumque
369 1210 459 1272 deum
472 1215 605 1271 monstra
616 1216 647 1271 et
660 1211 786 1272 latrator
801 1210 920 1272 Anubis

94 1293 207 1358 Contra
223 1295 399 1378 Neptunum
421 1301 452 1356 et
467 1295 619 1357 Venerem
636 1300 798 1376 contraque
814 1295 984 1358 Minervam

93 1381 168 1444 Tela
189 1387 303 1443 tenent.
350 1378 453 1443 Saevit
466 1380 564 1442 medio
578 1380 609 1441 in
625 1381 786 1443 certamine
802 1380 924 1443 Mavors

54 1512 58 1522 .
96 1465 238 1529 Caelatus
253 1467 343 1543 ferro,
358 1466 519 1548 tristesque
535 1487 572 1527 ex
587 1465 709 1527 aethere
725 1465 818 1528 Dirae
831 1487 839 1542 3

94 1550 137 1613 Et
157 1553 249 1614 scissa
263 1551 397 1632 gaudens
412 1551 494 1612 vadit
509 1551 666 1612 Discordia
680 1552 769 1633 palla,

8 1630 12 1647 ¹
93 1635 191 1708 Quam
206 1658 275 1699 cum
289 1636 452 1718 sanguineo
467 1637 602 1718 sequitur
617 1635 744 1698 Bellona
764 1636 894 1718 flagello.

90 1721 201 1783 Actius
214 1722 290 1784 haec
303 1741 428 1784 cernens
440 1741 543 1783 arcum
556 1721 733 1783 intendebat
743 1720 853 1804 Apollo

91 1805 248 1890 Desuper:
273 1806 366 1868 omnis
382 1826 416 1868 eo
431 1812 546 1869 terrore
560 1805 722 1889 Aegyptus
737 1813 769 1869 et
784 1807 864 1887 Indi,

93 1890 196 1955 Omnis
210 1890 322 1970 Arabs,
338 1912 439 1954 omnes
454 1892 612 1954 vertebant
626 1897 714 1973 terga
733 1890 852 1954 Sabaei.

91 1977 165 2059 Ipsa
185 1977 343 2040 videbatur
358 1977 456 2039 ventis
470 1977 576 2058 regina
590 1978 703 2040 vocatis
808 2019 809 2022 =

90 2062 171 2126 Vela
185 2063 269 2142 dare,
285 2069 316 2125 et
329 2064 412 2125 laxos
421 2063 485 2145 jam
503 2065 628 2145 jamque
641 2062 801 2125 immittere
816 2061 913 2125 funes.
927 2028 1027 2132 &iffi

90 2147 179 2211 Illam
192 2149 271 2210 inter
286 2148 394 2210 caedes
409 2149 571 2230 pallentem
585 2153 680 2210 morte
695 2148 799 2210 futura
1136 2214 1143 2224 Δ

90 2233 220 2296 Fecerat
234 2233 401 2315 ignipotens
416 2233 503 2294 undis
518 2238 550 2295 et
564 2233 680 2316 iapyge
696 2232 787 2309 ferri3
1083 2257 1131 2305 710

92 2318 205 2381 Contra
219 2325 319 2380 autem
333 2338 441 2400 magno
456 2324 639 2380 maerentem
655 2338 777 2400 corpore
798 2317 915 2398 Nilum,

90 2403 337 2485 Pandentemque
352 2404 433 2465 trinus
449 2409 480 2465 et
494 2410 558 2465 tota
573 2410 655 2466 veste
671 2410 828 2465 vocantem

92 2489 270 2552 Caeruleum
284 2490 316 2550 in
331 2489 476 2570 gremium
492 2489 699 2570 latebrosaque
714 2489 836 2551 flumina
850 2489 955 2552 victos.

90 2575 135 2637 At
151 2574 274 2653 Caesar,
290 2575 398 2656 triplici
412 2575 548 2637 invectus
564 2575 699 2635 Romana
713 2574 862 2656 triumpho

90 2660 222 2738 Moenia,
238 2660 283 2722 dis
298 2659 384 2722 Italis
399 2666 501 2721 votum
516 2659 680 2721 immortale
703 2660 852 2739 sacrabat,
1031 2723 1034 2729 ,
1083 2686 1131 2734 715

90 2745 224 2807 Maxima
238 2751 406 2806 tercentum
421 2750 514 2806 totam
531 2744 655 2806 delubra
672 2764 727 2826 per
746 2744 870 2807 Urbem.

42 2847 46 2851 ·
90 2830 221 2893 Laetitia
233 2830 371 2911 ludisque
388 2830 454 2891 viae
470 2831 635 2912 plausuque
651 2830 840 2906 fremebant3

92 2913 236 2977 Omnibus
251 2915 283 2977 in
296 2915 414 2996 templis
428 2922 558 2977 matrum
573 2915 691 2993 chorus,
707 2916 842 2977 omnibus
863 2935 933 2978 arae
947 2935 955 2991 3

89 3001 174 3064 Ante
189 3021 256 3063 aras
272 3006 384 3062 terram
398 3001 478 3062 caesi
493 3007 627 3063 stravere
637 3001 772 3083 juvenci.

90 3087 173 3169 Ipse,
188 3087 295 3148 sedens
311 3086 397 3148 niveo
414 3084 569 3148 candentis
589 3086 689 3147 limine
705 3085 830 3164 Phoebi,
1083 3109 1132 3158 720

90 3171 178 3234 Dona
192 3172 379 3252 recognoscit
393 3173 578 3253 populorum,
595 3177 739 3252 aptatque
754 3170 889 3253 superbis

91 3255 231 3318 Postibus
245 3277 253 3330 3
276 3256 420 3317 incedunt
434 3256 532 3318 victae
547 3257 636 3338 longo
651 3257 754 3318 ordine
777 3262 894 3338 gentes,

91 3341 189 3416 Quam
203 3341 304 3403 variae
319 3340 439 3421 linguis,
454 3342 559 3403 habitu
574 3348 636 3403 tarn
651 3342 742 3404 restis
758 3348 789 3404 et
803 3342 903 3403 armis.

91 3427 152 3490 Hic
168 3426 339 3489 Nomadum
354 3446 449 3506 genus
465 3433 495 3488 et
511 3427 670 3490 discinctos
690 3426 840 3488 Mulciber
853 3426 958 3504 Afros,

91 3514 153 3575 Hic
168 3512 297 3594 Lelegas
314 3510 467 3591 Carasque
488 3513 727 3594 sagittiferosque
744 3511 872 3574 Gelonos
1085 3534 1134 3584 725

91 3599 236 3660 Fluxerat
249 3618 257 3674 ;
281 3596 452 3679 Euphrates
467 3598 529 3660 ibat
546 3599 610 3680 jam
625 3599 739 3659 mollior
749 3597 849 3673 undis,

92 3682 288 3765 Extremique
303 3682 454 3744 hominum
470 3683 592 3762 Morini,
608 3684 792 3765 Rhenusque
808 3682 948 3760 bicornis,

92 3767 294 3851 Indomitique
308 3767 426 3847 Dahae,
443 3775 474 3830 et
488 3774 609 3852 pontem
623 3769 795 3850 indignatus
810 3768 939 3830 Araxes.
