2496 4334
96 290 159 354 130
449 308 478 354 P.
502 307 644 354 vinoun
669 306 814 354 nunonis

99 459 344 544 Obscoenamque
360 463 471 525 famem
481 483 613 545 -quae
629 462 725 545 prima
739 462 873 545 pericula
888 463 948 526 vito
963 462 977 525 l

98 545 216 619 Quidve
232 568 359 629 sequens
374 553 473 610 tantos
488 549 597 630 possim
612 568 753 629 superare
769 547 913 610 labores?

97 631 158 693 Hic
174 632 322 710 Helenus,
338 633 432 695 caesis
448 633 575 715 primum
591 632 628 694 de
644 655 725 696 more
737 633 887 716 juvencis,

98 716 212 779 Exorat
226 738 331 800 paoem
346 717 459 797 divum,
475 719 623 800 vittasque
639 718 760 781 resolvit

100 799 218 864 Sacrati
233 802 349 885 capitis,
365 823 472 884 meque
489 804 527 864 ad
541 809 595 865 tua
608 803 720 882 limina,
736 804 868 884 Phoebe,

98 887 168 968 lpse
182 909 274 949 manu
287 888 380 950 multo
395 908 571 970 suspensum
585 889 705 950 numine
722 888 805 951 ducit
820 910 827 965 ;

98 971 201 1054 Atque
216 973 291 1035 haec
308 971 416 1035 deinde
432 973 512 1035 canit
528 973 627 1036 divino
645 994 682 1035 ex
697 995 748 1036 ore
763 975 920 1037 sacerdos:

141 1057 223 1118 Nate
239 1057 297 1119 dea
307 1094 351 1104 -
361 1078 430 1120 nam
445 1064 476 1120 te
491 1059 651 1142 majoribus
665 1059 708 1121 ire
724 1080 779 1140 per
794 1060 887 1122 altum

98 1140 251 1223 Auspiciis
265 1142 424 1205 manifesta
437 1143 532 1205 fides:
556 1144 598 1205 sic
614 1143 677 1206 fata
691 1144 780 1206 deum
794 1166 848 1206 rex

101 1225 241 1305 Sortitur,
256 1228 406 1309 volvitque
422 1229 503 1291 vices
517 1248 524 1304 ;
547 1229 572 1290 is
587 1229 715 1290 vertitur
729 1229 811 1307 ordo,
824 1265 867 1276 -

99 1312 203 1375 Pauca
216 1313 270 1374 tibi
285 1333 301 1374 e
316 1313 428 1391 multis,
443 1334 501 1395 quo
517 1314 608 1375 tutior
621 1314 739 1395 hospita
752 1315 862 1377 lustres

99 1397 253 1480 Aequora,
267 1404 297 1459 et
312 1397 447 1460 Ausonio
462 1399 555 1480 possis
571 1399 724 1461 considere
740 1406 839 1481 portu,

100 1483 265 1565 Expediam
281 1482 368 1546 dictis
381 1504 389 1558 3
412 1484 569 1565 prohibent
583 1505 653 1546 nam
668 1490 789 1546 caetera
804 1484 920 1548 Parcae

101 1567 185 1631 Scire
201 1568 354 1631 Helenum
368 1568 483 1651 farique
499 1574 583 1631 vetat
600 1567 740 1631 Saturnia
754 1568 775 1632 J
778 1591 846 1632 uno.

99 1653 249 1737 Principio
264 1654 394 1733 Italiam,
410 1675 501 1736 quam
514 1660 549 1715 tu
558 1655 623 1737 jam
637 1675 705 1716 rere
720 1655 917 1738 propinquam

98 1736 294 1822 Vicinosque,
309 1739 425 1821 ignare,
441 1759 529 1823 paras
543 1738 685 1802 invadere
701 1746 815 1822 portus,

99 1824 204 1906 Longa
218 1825 322 1908 procul
336 1825 432 1906 longis
447 1825 496 1888 via
511 1825 617 1887 dividit
634 1825 715 1888 invia
729 1826 827 1887 terris.

97 1909 181 1972 Ante
197 1917 228 1972 et
242 1910 396 1973 Trinacria
410 1910 569 1972 lentandus
584 1931 684 1973 remus
698 1911 729 1971 in
743 1910 835 1989 unda,
956 1952 961 1959 ·

98 1995 141 2057 Et
155 1995 224 2058 salis
238 1995 365 2058 Ausonii
379 1995 567 2058 lustrandum
580 1995 705 2058 navibus
723 2015 845 2078 aequor,

98 2081 273 2163 infernique
288 2082 383 2159 lacus,
398 2080 581 2163 Aeaeaeque
595 2081 692 2143 insula
707 2079 825 2161 Circae,

99 2165 197 2239 Quam
212 2172 278 2228 tuta
293 2166 386 2248 possis
399 2166 504 2227 urbem
520 2187 695 2249 componere
711 2172 802 2229 terra.

101 2250 195 2333 Signa
210 2252 264 2312 tibi
278 2250 395 2312 dicam:
419 2257 454 2312 tu
469 2251 588 2313 condita
601 2258 702 2313 mente
717 2257 828 2314 teneto.

99 2335 199 2409 Quum
214 2336 267 2398 tibi
281 2336 405 2399 sollicito
420 2337 529 2398 secreti
544 2336 582 2398 ad
596 2336 725 2398 fluminis
740 2337 851 2400 undam

98 2422 226 2485 Litoreis
240 2422 347 2504 ingens
361 2422 483 2484 inventa
498 2423 552 2484 sub
567 2422 682 2484 ilicibus
697 2421 759 2502 sus,

98 2508 235 2590 Triginta
250 2508 380 2590 capitum
395 2508 475 2570 fetus
490 2508 588 2586 enixa,
598 2508 723 2591 jacebit,

97 2593 189 2673 Alba,
205 2595 266 2656 solo
281 2594 439 2672 recubans,
455 2593 514 2655 albi
530 2593 643 2655 circum
657 2593 752 2655 ubera
766 2592 850 2655 nati:

98 2679 130 2742 Is
144 2682 228 2743 locus
243 2679 324 2741 urbis
339 2679 417 2754 erit;
440 2678 559 2760 requies
575 2699 611 2740 ea
627 2684 711 2741 certa
724 2679 870 2740 laborum.

98 2766 165 2828 Neo
181 2772 216 2828 tu
229 2785 399 2826 mensarum
412 2784 526 2826 morsus
541 2763 680 2826 horresce
695 2763 832 2826 futuros:

97 2851 175 2913 Fata
189 2851 267 2912 viam
281 2848 444 2927 invenient,
460 2849 616 2931 aderitque
632 2855 755 2911 vocatus
771 2848 891 2932 Apollo.

96 2936 163 2998 Has
179 2941 280 2998 autem
294 2941 401 3012 terras,
418 2934 548 3016 Italique
563 2935 641 2996 hanc
655 2934 749 2996 litoris
765 2955 857 3012 oram,

97 3021 238 3083 Proxima
252 3040 329 3103 quae
344 3020 438 3082 nostri
452 3020 642 3102 perfunditur
656 3019 794 3102 aequoris
809 3024 906 3096 aestu,

96 3106 204 3189 Effuge
218 3129 225 3168 :
250 3111 360 3168 cuncta
373 3105 458 3167 malis
472 3105 646 3167 habitantur
660 3105 777 3167 moenia
793 3103 904 3167 Graiis.

96 3192 156 3253 Hic
173 3199 204 3254 et
218 3190 345 3274 Narycii
359 3196 523 3272 posuerunt
536 3190 653 3252 moenia
667 3189 766 3269 Locri,

97 3275 139 3338 Et
155 3275 333 3355 Sallentinos
349 3274 464 3336 obsedit
478 3275 539 3335 mili
554 3295 570 3336 e
587 3295 706 3357 campos

97 3361 222 3445 Lyctius
238 3360 419 3422 Idomeneus
432 3379 440 3434 ;
463 3359 512 3422 hic
527 3359 578 3421 illa
593 3360 677 3421 ducis
692 3359 834 3423 Mehboei

97 3446 197 3510 Parva
211 3446 397 3507 Philoctetae
414 3444 539 3507 subnixa
554 3443 671 3507 Peteha
685 3465 780 3506 muro.

97 3530 188 3611 Quin,
204 3532 254 3593 ubi
269 3530 459 3592 transmissae
475 3529 613 3591 steterint
629 3536 712 3592 trans
727 3550 859 3611 aequora
873 3530 995 3607 classes,

96 3616 138 3678 Et
151 3617 254 3700 positis
270 3616 328 3678 aris
339 3616 404 3698 jam
419 3621 489 3676 vota
503 3614 535 3675 in
548 3615 634 3677 litore
651 3615 748 3676 solves
761 3634 769 3689 ;

95 3701 252 3783 Purpureo
267 3701 367 3763 velare
384 3720 482 3762 comas
498 3700 657 3780 adopertus
673 3700 795 3777 amictu,

95 3785 128 3850 N
130 3807 146 3849 e
162 3807 222 3870 qua
236 3787 316 3848 inter
330 3791 448 3849 sanctos
462 3785 548 3868 ignes
562 3785 718 3847 inhonore
735 3783 859 3847 deorum
