2496 4334
98 266 139 329 60
435 285 464 330 P.
489 283 632 331 maman
654 284 800 332 unnoms

97 437 270 500 Pascuntur
284 459 356 501 vero
371 439 471 518 silvas,
488 445 520 502 et
534 461 650 503 summa
664 437 790 524 Lycaei,

96 523 327 607 Ilorrentesque
343 525 443 604 rubos,
460 532 491 588 et
506 534 642 588 amantes
657 526 753 588 ardua
768 526 873 590 dumos
887 546 895 603 ;
1100 545 1147 593 315

96 610 201 692 Atque
217 611 300 693 ipsae
316 632 463 674 memores
478 612 609 674 redeunt
623 613 655 674 in
669 618 763 691 tecta,
779 633 908 696 suosque

96 695 232 774 Ducunt,
249 703 280 758 et
295 697 420 778 gravido
435 704 580 780 superant
595 698 645 760 vix
660 699 753 760 ubere
768 699 869 760 limen.
965 740 967 744 ι

97 782 179 864 Ergo
195 783 274 844 omni
289 782 388 845 studio
404 784 532 865 glaciem
547 791 712 866 ventosque
727 784 853 863 nivales,

99 866 165 940 Quo
180 868 276 930 minor
292 878 339 931 est
352 869 411 931 illis
427 890 519 932 curae
535 870 668 932 mortalis
684 877 815 953 egestas,

95 953 229 1016 Avertes
243 975 251 1030 3
275 955 447 1038 victumque
463 957 554 1035 feres,
571 962 603 1018 et
617 956 722 1038 virgea
735 957 833 1019 laetus
1102 972 1149 1021 320

97 1040 215 1102 Pabula
228 1060 235 1115 ;
258 1062 315 1103 nec
332 1048 396 1103 tota
411 1042 534 1104 claudes
548 1043 671 1107 foenilia
683 1042 800 1104 bruma.

97 1126 143 1188 At
158 1147 239 1204 vero,
256 1126 401 1211 Zephyris
417 1149 486 1190 cum
500 1129 582 1190 laeta
597 1129 772 1191 vocantibus
788 1133 888 1191 aestas

98 1211 136 1274 In
151 1212 245 1274 saltus
261 1220 422 1296 utrumque
438 1235 562 1296 gregem
577 1221 669 1296 atque
684 1214 715 1276 in
729 1235 843 1297 pascua
857 1213 975 1275 mittet:
1024 1277 1026 1281 Α

98 1297 231 1360 Luciferi
246 1299 340 1381 primo
356 1321 426 1362 oum
440 1299 539 1362 sidere
554 1300 665 1382 frigida
680 1322 752 1362 rura

100 1383 277 1466 Carpamus,
294 1383 366 1446 dum
380 1406 469 1448 mane
484 1407 606 1464 novum,
622 1386 694 1448 dum
709 1386 846 1468 gramina
861 1389 983 1462 canent,
1101 1399 1149 1448 325

99 1470 141 1531 Et
156 1491 205 1532 ros
220 1470 252 1531 in
266 1477 373 1534 tenera
388 1472 489 1554 pecori
505 1472 692 1553 gratissimus
706 1472 810 1534 herba.

99 1555 188 1634 lude,
204 1556 256 1618 ubi
272 1565 381 1639 quarta
395 1557 475 1620 sitim
490 1559 566 1621 coeli
582 1559 737 1640 collegerit
752 1558 837 1637 hora,

101 1641 143 1703 Et
159 1649 251 1704 cantu
267 1645 410 1725 querulae
426 1650 568 1727 rumpent
582 1645 706 1707 arbusta
721 1643 863 1707 cicadae:

99 1727 152 1789 Ad
168 1735 273 1810 puteos
289 1736 343 1792 aut
358 1730 420 1793 alta
435 1751 544 1812 greges
560 1730 599 1792 ad
614 1736 724 1812 stagna
733 1730 840 1815 jubeto

101 1813 281 1877 Currentem
295 1815 394 1898 ilignis
409 1822 513 1900 potare
530 1817 685 1879 canalibus
700 1816 832 1892 undam3
1104 1831 1151 1879 330

99 1899 245 1963 Aestibus
261 1908 292 1963 at
306 1902 412 1964 mediis
427 1903 597 1965 umbrosam
612 1903 770 1986 exquirere
786 1903 907 1982 vallem,

103 1984 205 2048 Sicubi
220 2008 331 2069 magna
345 1987 366 2051 J
369 1989 431 2051 ovis
447 1989 569 2071 antiquo
585 1989 690 2051 robore
706 2009 837 2071 quercus

100 2072 246 2154 ingentes
262 2075 367 2137 tendat
382 2096 490 2154 ramos,
507 2082 561 2137 aut
575 2075 670 2137 sicubi
684 2075 805 2157 nigrum

100 2159 225 2221 Ilicibus
241 2161 353 2223 crebris
368 2182 456 2223 sacra
469 2182 575 2224 nemus
591 2161 719 2224 accubet
734 2161 840 2221 umbra
853 2179 861 2236 3

101 2245 179 2306 Tum
193 2251 300 2308 tenues
315 2246 388 2308 dare
404 2268 507 2309 rursus
523 2268 627 2330 aquas,
644 2253 675 2309 et
690 2267 813 2329 pascere
829 2263 934 2308 rursus
1104 2262 1153 2310 aaa

104 2329 181 2393 Solis
198 2331 236 2392 ad
252 2353 403 2410 occasum,
420 2353 488 2394 cum
503 2333 630 2415 frigidus
646 2335 719 2395 aera
733 2353 841 2415 vesper

103 2416 277 2500 Temperat,
294 2426 326 2481 et
341 2419 434 2481 saltus
449 2419 546 2481 reficit
556 2421 621 2503 jam
636 2418 753 2481 roscida
767 2419 850 2496 luna,

102 2502 264 2586 Litoraque
282 2506 430 2589 alcyoneu
445 2512 596 2584 resonant,
613 2505 804 2567 acalanthida
819 2501 911 2566 dumi.

146 2587 226 2662 Quid
242 2591 295 2652 tibi
310 2598 445 2675 pastores
461 2591 587 2674 Libyae,
603 2591 676 2674 quid
692 2611 806 2673 pascua
820 2609 910 2651 versu

102 2675 285 2759 Prosequar,
301 2685 332 2739 et
347 2678 423 2740 raris
437 2678 574 2740 habitata
587 2678 717 2760 mapalia
733 2674 846 2738 tectis?
1105 2693 1153 2740 340

105 2760 202 2844 Saepe
219 2763 299 2824 diem
313 2770 504 2846 noctemque,
521 2771 551 2826 et
566 2770 663 2826 totum
677 2785 715 2824 ex
731 2763 834 2825 ordine
850 2781 996 2839 mensem,

102 2846 243 2910 Pascitur
258 2850 341 2932 itque
358 2871 450 2932 pecus
465 2852 556 2931 longa
570 2849 601 2911 in
616 2849 738 2911 deserta
753 2849 816 2911 sine
832 2848 900 2909 ullis

102 2933 270 3017 Hospitiis:
296 2943 413 2997 tantum
429 2936 527 3019 campi
537 2937 632 3019 jacet.
680 2933 790 2996 Omnia
803 2955 906 2997 secum

102 3019 317 3084 Armentarius
334 3022 412 3084 Afer
428 3023 501 3104 agit,
517 3028 703 3103 tectumque,
718 3022 885 3102 laremque,

74 3116 75 3119 ’
103 3106 272 3189 Armaque,
282 3108 543 3192 Amyclaeumque
560 3124 677 3185 canem,
691 3106 890 3188 Cressamque
903 3104 1087 3189 pharetram.
1104 3119 1156 3168 345
1182 3154 1184 3158 -

104 3192 176 3254 Non
191 3214 278 3256 secus
294 3215 329 3256 ac
345 3195 449 3276 patriis
465 3216 536 3256 acer
552 3194 706 3256 Romanus
720 3193 752 3254 in
768 3192 857 3254 armis

104 3278 222 3362 Injusto
237 3280 292 3341 sub
307 3281 389 3343 fasce
406 3281 483 3342 viam
499 3301 592 3362 quum
608 3279 717 3362 carpit,
733 3287 765 3341 et
778 3278 857 3341 hosti

104 3365 188 3427 Ante
205 3373 413 3448 exspectatum
428 3366 531 3448 positis
547 3373 608 3428 stat
622 3366 653 3427 in
669 3365 787 3446 agmine
804 3362 920 3426 castris.

148 3451 194 3513 At
208 3473 279 3531 non,
296 3473 357 3534 qua
374 3451 517 3535 Scythiae
531 3459 649 3534 gentes,
664 3451 858 3532 Maeotiaque
873 3447 967 3526 unda,

106 3538 256 3601 Turbidus
272 3546 304 3600 et
320 3545 462 3621 torquens
477 3539 622 3600 flaventes
637 3536 718 3599 Ister
733 3558 852 3614 arenas,
1107 3549 1156 3597 350

107 3624 234 3706 Quaque
249 3625 329 3687 redit
343 3625 474 3688 medium
489 3624 635 3707 Rhodope
651 3630 790 3706 porrecta
804 3623 859 3684 sub
875 3641 972 3682 axem.

106 3710 173 3773 Illic
190 3712 292 3774 clausa
307 3718 413 3775 tenent
427 3710 551 3774 stabulis
568 3716 704 3772 armenta
719 3730 726 3785 ;
749 3730 849 3791 neque
864 3707 944 3768 ullae

105 3795 173 3860 Aut
186 3797 297 3860 herbae
314 3819 418 3882 campo
434 3803 592 3882 apparent,
607 3801 660 3857 aut
675 3796 780 3858 arbore
795 3794 937 3856 frondes:

1066 1121 1163 1143 0—-

926 2558 1105 2595 ,rs-s
