2496 4334
98 259 139 322 80
318 276 348 323 r.
372 274 515 322 vmomn
535 273 681 322 unnorus
704 275 895 323 cnoacrcou.

97 428 217 512 Delige,
233 435 264 492 et
277 429 392 494 intacta
406 429 531 493 totidem
545 429 663 494 cervice
673 431 832 513 juvencas.

98 513 234 587 Quatuor
247 515 293 577 his
309 537 376 578 aras
392 517 453 579 alta
468 516 507 578 ad
522 516 648 578 delubra
661 515 785 578 dearum

99 599 252 663 Constitue
270 607 301 663 et
315 622 434 663 sacrum
443 602 558 685 jugulis
573 600 697 663 demitte
713 621 868 677 cruorcm3

98 685 289 768 Ocrporaque
304 686 369 769 ipsa
382 687 473 748 boum
486 686 624 748 frondoso
639 686 745 749 desere
759 686 838 748 luco.

97 769 181 850 Post,
197 771 247 832 nbi
261 792 340 834 nona
354 792 423 834 suos
437 770 559 834 Aurora
573 771 737 833 ostenderit
751 778 845 851 ortus,

97 856 226 919 Inferias
242 854 356 939 Orphei
371 856 506 919 Lethaea
520 877 670 939 papavera
683 857 797 935 mittes,

98 941 140 1003 Et
153 943 269 1023 nigram
283 942 426 1004 mactabis
441 962 537 1020 ovem,
552 942 712 1024 lucumque
727 942 840 1004 revises
848 960 856 1018 3

101 1025 274 1109 [Placatam
290 1027 464 1112 Eurydicen
478 1027 573 1089 vitula
587 1027 769 1090 venerabere
786 1027 901 1111 caesa]

140 1111 234 1174 Haud
248 1133 346 1175 mora:
371 1112 511 1176 continuo
525 1113 628 1175 matris
642 1118 805 1195 praccepta
818 1111 951 1176 facessit.

97 1197 149 1259 Ad
164 1198 288 1260 delubra
302 1198 403 1274 venit3
424 1204 603 1260 monstratas
618 1198 730 1260 excitat
745 1217 830 1274 aras;

97 1282 233 1357 Quatucr
248 1283 368 1346 eximios
382 1283 547 1367 praestanti
561 1303 683 1365 corpore
698 1289 800 1345 tauros

97 1369 201 1447 Ducit,
217 1374 248 1431 et
261 1369 375 1431 intacta
390 1368 514 1431 totidem
529 1368 645 1431 cervice
655 1369 812 1452 juvencas.

98 1453 181 1532 Post,
196 1454 248 1515 ubi
261 1474 340 1516 nona
354 1474 422 1517 suos
436 1453 557 1516 Aurora
570 1453 731 1517 induxerat
743 1459 839 1534 ortus,

97 1538 226 1601 Inferias
242 1537 356 1622 Orphei
369 1539 471 1618 mittit,
486 1540 646 1622 lucumque
661 1539 775 1602 revisit.

97 1624 158 1686 Hic
173 1645 244 1688 vero
260 1625 391 1687 subitum
405 1645 440 1688 ac
456 1624 540 1687 dictu
553 1625 687 1687 mirabile
702 1629 867 1687 monstrum

97 1708 268 1791 Aspiciuut,
285 1710 448 1792 liquefacta
462 1710 550 1773 boum
564 1731 620 1792 per
633 1710 751 1772 viscera
763 1715 826 1772 toto

5 1801 8 1805 '
99 1792 233 1857 Stridere
250 1816 321 1878 apes
336 1801 433 1874 utero,
448 1800 480 1858 ct
494 1795 589 1878 ruptis
604 1795 747 1858 effervere
763 1794 869 1870 costis3

97 1879 321 1963 Immensasque
334 1881 413 1943 trahi
427 1881 541 1956 nubes3
559 1881 682 1964 jamque
698 1881 803 1943 arbore
818 1896 934 1943 summa

98 1966 266 2045 Confluere,
282 1971 313 2028 et
326 1965 414 2029 lentis
429 1986 518 2027 uvam
533 1966 690 2029 demittere
704 1965 805 2028 ramis.

140 2051 226 2114 Haec
243 2072 333 2134 super
347 2072 486 2114 arvorum
500 2053 584 2114 cultu
598 2071 798 2134 pecorumque
815 2049 970 2126 canebam,

96 2136 139 2199 Et
153 2157 243 2219 super
257 2137 429 2200 arboribus:
455 2135 568 2200 Caesar
582 2136 654 2199 dum
668 2156 795 2218 magnus
809 2135 849 2199 ad
864 2135 958 2198 altum

96 2221 248 2284 Fulminat
262 2222 439 2304 Euphraten
453 2222 542 2300 bello,
557 2222 713 2304 detorque
728 2222 863 2284 volentes

97 2306 158 2368 Per
172 2308 295 2390 populos
310 2307 363 2369 dat
372 2307 455 2390 jura,
469 2307 608 2389 viamque
623 2307 744 2370 affectat
760 2305 898 2392 Olympo.

96 2391 153 2454 Illo
168 2392 330 2474 Virgilium
345 2414 393 2455 me
408 2397 541 2475 tempore
558 2393 653 2455 dulcis
668 2392 767 2455 alebat

97 2477 297 2560 Parthenope,
312 2477 418 2541 studiis
433 2478 588 2540 florentem
602 2477 738 2558 ignobilis
753 2477 811 2540 oti:

97 2561 237 2625 Carmina
252 2563 303 2646 qui
317 2563 374 2625 lusi
388 2570 552 2645 pastorum,
568 2562 726 2646 audaxque
738 2564 877 2646 juventa,

10 2745 13 2748 p
96 2648 212 2734 Tityre,
226 2654 257 2711 te
272 2650 392 2731 patulae
407 2648 503 2712 cecini
517 2649 574 2712 sub
589 2649 719 2731 tegmine
734 2647 807 2730 fagi.
