2496 4334
101 258 164 322 306
434 276 464 322 Ρ.
488 275 630 322 vmcrnn
652 272 796 321 macrus

100 426 265 491 Incurrunt
280 427 365 492 densi
379 426 466 490 simul
480 428 574 491 omnis
589 427 675 511 copia
689 427 851 506 Teucrum,
895 445 897 450 ·

100 512 309 598 Tyrrhenique
325 514 428 591 duces,
444 513 636 595 Evandrique
652 512 791 575 Arcades
806 512 883 574 alae.
1091 528 1142 580 835

142 597 188 661 At
203 598 320 661 Triviae
336 604 435 661 custos
445 598 510 681 jam
525 598 638 660 dudum
651 598 683 660 in
697 597 846 660 montibus
862 595 936 678 Opis

99 681 175 746 Alta
189 684 275 746 sedet
290 684 422 761 summis,
436 689 611 765 spectatque
625 682 763 744 interrita
776 702 904 765 pugnas.

100 768 204 850 thue
219 769 323 850 procul
336 767 434 831 medio
444 769 590 851 juvenum
604 767 635 830 in
650 769 778 830 clamore
790 767 943 829 furentum

99 852 257 935 Prospexit
272 853 350 915 tristi
364 854 519 916 multatam
533 861 628 915 morte
645 851 813 931 Camillam,

99 937 310 1020 Ingemuitque
326 937 467 1020 deditque
481 939 536 1000 has
551 938 609 999 imo
623 943 745 1019 pectore
760 956 869 1000 voces:

98 1023 171 1086 Heu
185 1023 318 1100 nimium,
333 1023 428 1105 virgo,
443 1022 566 1084 nimium
581 1021 702 1084 crudele
716 1022 798 1084 luisti

100 1107 295 1190 Supplicium,
305 1107 437 1170 Teucros
452 1113 559 1170 conata
572 1108 719 1169 lacessere
734 1104 830 1169 bello!

98 1193 166 1255 Nec
181 1193 235 1254 tibi
250 1193 386 1255 desertae
401 1193 433 1255 in
448 1192 545 1254 dumis
560 1192 685 1254 coluisse
700 1192 831 1254 Dianam

97 1276 226 1356 Profuit,
242 1283 294 1340 aut
308 1283 425 1339 nostras
439 1277 563 1338 humero
577 1277 704 1358 gessisse
719 1277 855 1358 sagittas.

97 1362 130 1424 N
131 1384 169 1425 on
183 1368 283 1424 tamen
297 1362 468 1424 indecorem
482 1367 535 1424 tua
549 1367 580 1423 te
595 1362 700 1444 regina
714 1361 836 1443 reliquit
925 1407 928 1410 -

97 1447 242 1510 Extrema
252 1448 316 1530 jam
329 1447 361 1509 in
375 1453 482 1526 morto,
496 1467 594 1528 neque
609 1447 665 1508 hoc
680 1446 744 1509 sine
758 1446 875 1508 nomine
889 1443 985 1506 letum

97 1531 159 1594 Per
174 1538 280 1614 gentes
295 1532 363 1610 erit,
375 1537 428 1594 aut
441 1531 552 1594 famam
566 1531 689 1613 patieris
699 1531 824 1593 inultae.

98 1616 179 1679 Nam
194 1616 373 1699 quicumque
388 1623 473 1678 tuum
487 1616 608 1679 violavit
618 1617 741 1678 vulnere
758 1633 876 1697 corpus,

97 1701 197 1763 Morte
211 1702 276 1763 luet
289 1701 406 1763 merita.
450 1701 522 1764 Fuit
536 1701 641 1784 ingens
655 1707 755 1764 monte
770 1700 825 1763 sub
837 1699 897 1761 alto

97 1786 191 1868 Regis
206 1786 359 1848 Dercenni
369 1792 489 1849 terreno
505 1806 543 1848 ex
558 1806 669 1868 aggere
683 1787 804 1848 bustum

97 1870 226 1953 Antiqui
240 1870 411 1950 Laurentis,
426 1891 579 1954 opacaque
594 1871 660 1934 ilice
676 1876 810 1945 tectum3

97 1956 159 2019 Hic
175 1956 232 2018 dea
247 1976 278 2018 se
294 1956 422 2039 primum
436 1954 540 2038 rapido
555 1956 755 2039 pulcherrima
767 1955 835 2018 nisu

99 2040 195 2119 Sistit,
211 2048 242 2103 et
256 2040 422 2103 Arruntem
437 2042 550 2103 tumulo
565 2042 738 2123 speculatur
752 2040 789 2102 ab
805 2039 875 2102 alto.

97 2125 143 2190 Ut
154 2126 229 2189 vidit
242 2127 403 2189 laetantem
419 2126 523 2188 animis
539 2146 574 2188 ac
586 2146 664 2188 vana
678 2131 862 2187 tumentem:

98 2211 172 2290 Gur,
187 2211 293 2293 inquit,
309 2210 444 2273 diversus
460 2208 548 2272 abis?
582 2210 654 2272 Huc
670 2210 765 2291 dirige
781 2228 927 2291 gressum,

97 2294 169 2357 Huc
185 2296 316 2377 periture
331 2295 411 2373 veni,
428 2295 528 2377 capias
542 2301 577 2356 ut
591 2294 683 2376 digna
699 2293 841 2358 Camillae

97 2379 247 2442 Praemia.
293 2379 377 2441 Tunc
393 2380 483 2442 etiam
493 2380 560 2442 telis
575 2381 701 2442 moriere
716 2376 859 2442 Dianae?

97 2465 193 2543 Dixit,
209 2471 240 2526 ct
255 2471 360 2526 aurata
375 2466 525 2527 volucrem
540 2464 679 2527 Threissa
694 2465 835 2546 sagittam

97 2548 268 2631 Depromsit
282 2549 434 2631 pharetra,
447 2570 598 2631 comuque
610 2550 726 2612 infensa
740 2549 880 2626 tetendit,

96 2633 139 2780 ft
154 2634 238 2696 duxit
251 2634 350 2714 longe,
367 2634 460 2696 donec
476 2641 600 2696 curvata
615 2635 729 2696 coirent

115 2725 183 2794 nter
197 2739 229 2780 se
245 2719 354 2801 capita,
370 2725 402 2780 ct
414 2719 550 2782 manibus
561 2720 624 2802 jam
638 2726 778 2801 tangeret
793 2717 908 2800 aequis,

97 2801 200 2866 Laeva
214 2803 309 2866 aciem
323 2804 407 2882 ferri,
423 2804 529 2866 dextra
543 2825 694 2886 nervoque
710 2805 860 2888 papillam.

98 2887 256 2970 Extemplo
271 2888 323 2950 teli
338 2889 496 2950 stridorem
512 2909 658 2970 aurasque
675 2896 813 2952 sonantes

97 2971 205 3033 Audiit
220 2993 280 3034 una
293 2971 424 3051 Arruns,
439 2973 594 3055 haesitque
609 2974 640 3035 in
655 2995 777 3056 corpore
793 2973 917 3035 ferrum.

98 3056 187 3118 Illum
203 3057 403 3140 exspirantem
417 3058 489 3120 socii
504 3065 594 3140 atque
610 3065 744 3121 extrema
759 3062 930 3140 gementem

100 3140 193 3202 Obhti
206 3142 307 3222 ignoto
322 3163 492 3225 camporum
507 3144 537 3204 in
552 3145 675 3226 pulvere
689 3145 848 3226 linquunt;

100 3224 174 3307 Opis
189 3224 228 3287 ad
243 3226 408 3288 aetherium
422 3228 527 3309 pennis
542 3229 678 3290 aufertur
694 3228 865 3312 Olympum.

142 3309 244 3371 Prima
257 3311 345 3391 fugit,
355 3311 473 3372 domina
488 3313 605 3391 amissa,
621 3313 695 3376 levis
711 3316 759 3376 ala
775 3312 916 3377 Camillae
930 3327 939 3385 ;

99 3393 224 3456 Turbati
239 3395 359 3476 fugiunt
373 3395 489 3472 Rutuli,
501 3397 580 3478 fugit
594 3419 665 3460 acer
678 3398 799 3477 Atinas,

99 3479 284 3562 Disjectique
300 3478 392 3542 duces
408 3479 590 3562 desolatique
602 3485 723 3566 manipli

99 3563 178 3626 Tuta
192 3570 309 3646 petunt,
325 3571 356 3626 et
371 3565 454 3647 equis
470 3568 566 3628 aversi
583 3567 622 3629 ad
637 3570 753 3631 moenia
768 3567 905 3630 tendunt.

100 3647 167 3710 Nec
183 3649 339 3731 quisquam
353 3650 498 3713 instantes
514 3650 645 3715 Teucros
660 3654 812 3736 letumque
828 3653 960 3714 ferentes

102 3730 277 3795 Sustentare
292 3735 373 3797 valet
388 3736 466 3813 telis,
481 3742 534 3798 aut
547 3737 652 3800 sistere
668 3747 793 3814 contra3

104 3814 166 3880 Sed
179 3818 261 3881 laxos
275 3818 411 3881 referunt
425 3820 555 3883 humeris
570 3822 779 3904 languentibus
795 3843 893 3902 arcus,
