2496 4334
443 298 603 346 nummos
625 300 690 346 LIB.
714 297 776 345 v11.

69 451 171 516 Multa
186 452 257 517 deos
273 475 421 538 aurasque
436 460 524 538 pater
537 460 665 517 testatus
680 454 795 531 inanes,

69 539 252 622 Frangimur
265 541 325 602 heu
339 543 420 619 fatis,
435 541 542 622 inquit,
557 541 739 621 ferimurque
755 535 906 621 procella!

70 625 135 708 Ipsi
148 626 202 688 has
217 626 362 708 sacrilego
377 626 514 709 pendetis
530 626 673 707 sanguine
689 645 811 707 poenas,

73 710 101 772 Ο
118 711 227 774 miseri.
273 711 327 791 Te,
343 713 455 788 Turne,
470 711 567 789 nefas,
583 718 613 772 te
629 712 714 773 triste
729 710 861 772 manebit

74 795 270 879 Supplicium,
285 798 419 880 votisque
435 796 507 860 deos
522 797 704 858 venerabere
720 796 804 857 seria.

72 881 153 943 Nam
167 883 240 944 mihi
254 889 340 964 parta
355 882 451 966 quies,
466 882 619 963 omnisque
634 881 665 943 in
679 881 780 942 limine
797 884 900 962 portus
912 898 921 955 3

71 967 191 1029 Funere
207 967 286 1030 felici
301 969 419 1050 spolior.
465 968 532 1029 Nec
549 968 636 1048 plura
650 968 766 1029 locutus

72 1051 175 1134 Sepsit
189 1073 222 1114 se
238 1054 336 1131 tectis,
351 1047 512 1135 rerumque
527 1053 648 1134 reliquit
662 1052 804 1114 habenae.

115 1137 182 1200 Mos
199 1144 264 1200 erat
278 1139 427 1222 Hesperio
441 1139 473 1199 in
488 1138 587 1215 Latio,
603 1159 693 1219 quem
706 1143 848 1219 protenus
862 1135 952 1197 urbes

71 1221 209 1286 Albanae
225 1225 343 1286 coluere
359 1245 488 1302 sacrum,
504 1243 583 1285 nunc
599 1223 727 1284 maxima
742 1243 843 1283 rerum

72 1307 169 1370 Roma
183 1309 264 1387 colit,
280 1331 372 1392 quum
386 1309 482 1392 prima
496 1315 616 1370 movent
630 1309 662 1370 in
677 1309 790 1390 proelia
804 1307 949 1385 Martem,

74 1391 143 1455 Sive
160 1393 246 1457 Getis
260 1395 371 1456 inferre
386 1416 477 1456 manu
491 1394 684 1477 lacrymabile
699 1394 810 1455 bellum

71 1478 262 1562 Hyrcanisve
278 1479 426 1542 Arabisve
444 1486 562 1563 parant,
578 1500 632 1541 seu
647 1479 771 1541 tendere
787 1478 827 1540 ad
838 1477 942 1558 Indos,

70 1563 280 1648 Auroramque
296 1566 392 1648 sequi,
408 1566 595 1647 Parthosque
611 1585 768 1647 reposcere
784 1564 891 1645 signa:

73 1647 151 1711 Sunt
165 1653 300 1733 geminae
316 1650 395 1714 Belli
409 1656 512 1734 portae
523 1685 567 1694 -
578 1650 620 1712 sio
635 1650 753 1712 nomine
769 1650 927 1711 dicunt-

71 1734 226 1818 Religione
242 1757 345 1799 sacrae
361 1743 393 1798 et
407 1736 489 1799 saevi
503 1736 659 1798 formidine
675 1735 807 1810 Martis3

72 1818 200 1884 Centum
216 1822 296 1884 aerei
311 1821 455 1884 claudunt
468 1827 570 1884 vectes
586 1827 767 1903 aeternaque
782 1821 856 1884 ferri

70 1905 200 1985 Robora,
215 1928 271 1969 nee
287 1914 387 1970 custos
402 1907 518 1970 absistit
531 1908 631 1968 limine
646 1906 669 1969 J
671 1927 755 1969 anus.

70 1990 148 2069 Hae,
163 1993 214 2054 ubi
228 1999 313 2055 certa
325 1993 413 2055 sedet
428 1993 562 2076 patribus
577 1993 725 2054 sententia
739 2010 871 2075 pugnae,

69 2075 152 2159 Ipse,
168 2077 316 2150 Quirinali
329 2080 435 2140 trabea
450 2079 610 2160 cinctuque
627 2077 743 2140 Gabino

70 2161 212 2244 Insignis,
227 2170 343 2226 reserat
357 2163 514 2226 stridentia
527 2164 628 2226 limina
644 2162 756 2226 Consul
769 2182 777 2238 ;

69 2246 140 2330 Ipse
155 2255 243 2312 vocat
257 2269 384 2332 pugnas,
399 2249 535 2332 sequitur
547 2256 613 2311 tum
628 2255 729 2311 cetera
744 2247 848 2330 pubes,

68 2332 231 2416 Aereaque
247 2334 375 2396 adsensu
390 2335 560 2416 conspirant
576 2355 687 2397 cornua
701 2354 802 2396 rauce.

69 2417 137 2480 Hoc
154 2425 185 2481 et
199 2426 263 2483 tum
277 2419 431 2482 Aeneadis
446 2420 578 2482 indicere
593 2421 672 2481 bella
688 2418 813 2481 Latinus

68 2503 156 2565 More
166 2505 340 2587 jubebatur,
354 2505 514 2587 tristesque
530 2504 685 2567 recludere
697 2511 808 2586 portae.

67 2588 225 2651 Abstinuit
239 2596 323 2652 tactu
339 2597 435 2672 pater,
452 2611 633 2672 aversusque
650 2591 762 2672 refugit

68 2673 358 2753 Foedaministeria,
375 2681 406 2737 et
422 2677 519 2737 caeeis
533 2696 567 2738 se
583 2675 716 2737 condidit
729 2673 852 2736 umbria.

68 2759 145 2821 Tum
160 2761 264 2842 regina
280 2761 369 2822 deum
384 2762 466 2823 coelo
482 2760 604 2843 delapsa
618 2767 768 2822 morantes

67 2844 192 2926 Impulit
205 2847 270 2927 ipsa
285 2867 376 2907 manu
389 2853 501 2928 portae,
517 2853 548 2908 et
563 2846 684 2908 cardine
699 2866 786 2908 verso

66 2929 146 2991 Belli
160 2932 288 2992 ferratos
303 2932 414 3013 rumpit
431 2931 573 2994 Saturnia
584 2937 694 3013 postea.

65 3015 167 3078 Ardet
181 3016 311 3078 inexcita
325 3016 461 3079 Ausonia
476 3022 566 3098 atque
581 3017 735 3078 immobilis
751 3022 820 3078 ante
834 3035 842 3091 3

66 3100 143 3162 Pars
156 3100 248 3183 pedes
263 3101 306 3162 ire
321 3108 408 3184 parat
423 3103 545 3185 eampis,
561 3122 630 3184 pars
646 3101 757 3163 arduus
773 3101 840 3162 altis

66 3185 300 3248 Pulverulentus
315 3187 399 3269 equis
414 3187 488 3248 furit
502 3207 509 3262 ;
533 3208 634 3249 omnes
650 3207 732 3249 arma
750 3187 917 3268 requirunt.

66 3271 144 3334 Pars
155 3272 236 3334 leves
252 3273 372 3354 clypeos
388 3279 419 3334 et
433 3273 547 3354 spicula
561 3273 662 3334 lucida
676 3278 797 3353 tergent
988 3271 994 3281 “

65 3356 184 3418 Arvina
198 3358 312 3439 pingui,
328 3358 529 3439 subiguntque
544 3358 575 3419 in
591 3364 657 3420 cote
673 3378 793 3420 secures
807 3377 816 3433 ;

68 3440 221 3524 Signaque
236 3443 317 3504 ferre
327 3443 426 3525 juvat,
442 3443 615 3525 sonitusque
631 3442 734 3505 audire
751 3444 901 3506 tubarum.

66 3525 206 3610 Quinque
222 3528 297 3590 adeo
312 3549 439 3609 magnac
454 3528 556 3610 positis
571 3529 728 3590 incudibus
742 3529 832 3590 urbes

62 3611 140 3674 Tela
154 3619 276 3691 novant,
291 3612 386 3674 Atina
400 3620 516 3695 potens,
534 3613 685 3695 Tiburque
701 3614 873 3695 superbum,

63 3697 182 3776 Ardea,
199 3697 458 3780 Crustumerique,
475 3706 506 3761 et
520 3699 687 3779 turrigerae
703 3697 885 3761 Antemnae.

62 3782 210 3865 Tegmina
224 3789 291 3846 tuta
306 3790 414 3929 caqut
430 3785 572 3866 capitum,
588 3785 773 3865 flectuntque
789 3784 918 3866 salignas
