2496 4334
449 296 609 343 ssumnos
631 297 696 342 LIB.
720 298 758 344 11.

84 448 235 530 Substitit,
251 450 400 512 erravitne
416 450 475 529 via,
491 471 545 512 seu
558 451 637 512 lassa
651 451 774 530 resedit,

80 535 238 598 Incertum
250 556 259 613 ;
281 556 338 597 nec
353 541 420 618 post
434 536 525 598 oculis
541 542 588 597 est
602 535 720 597 reddita
733 536 842 598 nostris
856 556 863 614 ς

81 619 151 682 Nee
166 621 247 703 prius
262 621 399 682 amissam
413 621 541 703 respexi,
557 621 723 682 animumve
739 622 851 699 reflexi,

81 703 181 776 Quam
195 706 342 767 tumulum
356 706 497 787 antiquae
513 705 632 768 Cereris
647 706 808 790 sedemque
824 712 971 769 sacratam

80 788 249 852 Venimus:
273 790 322 854 hic
337 790 456 852 demum
470 790 602 853 collectis
616 791 750 853 omnibus
765 813 825 853 una

79 873 188 936 Defuit
202 895 210 950 ;
233 882 264 937 et
279 875 412 954 comites,
426 882 600 957 natumque,
615 875 782 958 virumque,
797 877 913 939 fefellit.

81 957 181 1031 Quem
193 981 253 1021 non
266 960 400 1022 incusavi
414 980 515 1022 amens
529 960 738 1042 hominumque
754 961 936 1044 deorumque
950 961 963 1025 l

78 1043 147 1105 Aut
161 1045 233 1126 quid
248 1045 279 1106 in
294 1065 399 1107 eversa
413 1045 474 1107 vidi
488 1045 638 1107 crudelius
653 1046 726 1107 urbe
740 1044 752 1106 ?

78 1129 257 1208 Ascanium,
273 1129 486 1212 Anchisenque
501 1136 628 1212 patrem,
645 1130 836 1212 Teucrosque
851 1131 994 1210 Penates,

81 1212 264 1276 Commendo
279 1215 376 1293 sociis,
391 1221 423 1276 et
437 1235 529 1277 curva
544 1216 620 1277 valle
636 1215 764 1277 recondo
780 1236 788 1290 ;

61 1298 152 1380 ,Ipse
167 1299 272 1361 urbem
286 1306 400 1382 repeto,
416 1306 448 1362 et
461 1300 565 1381 cingor
579 1300 761 1380 fulgentibus
776 1300 876 1362 armis.

81 1381 154 1445 Stat
169 1405 255 1447 casus
269 1405 413 1447 renovare
428 1406 541 1464 omnes,
556 1405 730 1466 omnemque
746 1385 858 1447 reverti

80 1468 145 1530 Per
158 1468 288 1552 Trojam,
303 1475 335 1531 et
348 1490 451 1532 rursus
467 1476 557 1552 eaput
570 1471 720 1551 objectare
735 1471 864 1551 periclis.

79 1552 233 1636 Principio
247 1575 347 1616 muros
362 1555 546 1636 obscuraque
562 1555 663 1616 limina
677 1562 780 1637 portae

82 1636 152 1710 Qua
166 1659 300 1719 gressum
312 1641 487 1719 extuleram,
503 1645 617 1722 repeto,
632 1645 664 1701 et
678 1639 804 1721 vestigia
818 1646 899 1703 retro

82 1721 252 1787 Observata
266 1745 375 1807 sequor
389 1731 585 1806 pernoctem,
601 1730 633 1786 et
646 1725 756 1786 lumine
771 1726 874 1787 lustro.

80 1807 200 1870 Horror
213 1809 323 1892 ubique
339 1809 461 1888 animos,
475 1809 562 1871 simul
576 1809 641 1891 ipsa
655 1810 772 1871 silentia
787 1815 911 1872 terrent.

81 1892 160 1955 Inde
175 1893 304 1972 domum,
320 1894 344 1955 si
359 1895 435 1956 forte
450 1894 568 1976 pedem,
584 1895 608 1956 si
623 1895 712 1973 forte,
727 1894 854 1974 tulisset,

81 1977 137 2039 Me
152 1979 260 2041 refero.
305 1978 462 2041 Irruerant
476 1979 585 2057 Danai,
602 1986 633 2041 et
647 1986 761 2041 tectum
775 2000 860 2042 omne
876 1979 1029 2043 tenebant.

80 2062 173 2124 Ilicet
187 2063 263 2144 ignis
279 2063 356 2126 edax
370 2085 484 2126 summa
501 2063 540 2125 ad
554 2064 674 2144 fastigia
692 2071 781 2126 vento

81 2147 224 2210 Volvitur
236 2168 244 2224 ;
267 2156 448 2231 exsuperant
461 2150 595 2211 flammae
608 2169 615 2223 3
639 2149 711 2210 furit
726 2155 826 2211 aestus
841 2150 880 2212 ad
894 2171 992 2212 auras.

81 2231 230 2315 Procedo,
245 2239 277 2296 et
291 2233 402 2295 Priami
416 2233 503 2295 sedes
521 2255 679 2316 arcemque
697 2234 803 2296 reviso.

82 2317 125 2380 Et
135 2318 199 2400 jam
212 2319 373 2401 porticibus
388 2319 489 2380 vacuis
504 2319 526 2381 J
527 2319 632 2380 unonis
647 2320 730 2402 asylo

83 2401 234 2465 Custodes
248 2403 319 2465 lecti
335 2403 469 2465 Phoenix
484 2410 514 2464 et
529 2404 611 2465 dirus
626 2404 731 2466 Uhxes

82 2488 233 2549 Praedam
247 2489 449 2550 asservabant.
495 2487 565 2550 Huc
577 2488 709 2570 undique
725 2487 813 2550 Troia
828 2509 901 2570 gaza

81 2573 218 2634 Incensis
233 2580 337 2656 erepta
352 2572 461 2656 adytis,
476 2594 656 2655 mensaeque
672 2573 805 2651 deorum,

82 2656 284 2740 Crateresque
300 2679 372 2720 auro
387 2657 481 2735 solidi,
498 2658 674 2740 captivaque
690 2658 781 2719 vestis

83 2742 273 2823 Congeritur.
319 2742 411 2805 Pueri
426 2748 457 2804 et
471 2742 596 2824 pavidae
611 2743 699 2823 longo
715 2743 817 2805 ordine
832 2750 943 2805 matres

83 2826 174 2889 Stant
188 2827 312 2889 circum.

80 2913 185 2976 Ausus
200 2912 272 2995 quin
287 2911 377 2973 etiam
391 2932 479 2973 voces
489 2911 606 2993 jactare
622 2932 676 2993 per
690 2911 836 2990 umbram,

80 2997 209 3079 implevi
224 2997 351 3058 clamore
365 2996 440 3073 vias,
455 3002 644 3078 moestusque
662 2996 805 3058 Creusam

81 3080 296 3163 Nequidquam
310 3080 495 3161 ingeminans
509 3081 676 3162 iterumque
692 3081 860 3162 iterumque
876 3081 990 3143 vocavi.

81 3165 256 3244 Quaerenti,
272 3172 304 3227 et
318 3165 405 3227 tectis
419 3166 501 3227 urbis
516 3166 578 3227 sine
593 3166 653 3227 fine
668 3165 790 3242 furenti,

79 3250 192 3313 Infelix
206 3251 394 3312 simulacrum
409 3256 499 3331 atque
514 3249 606 3331 ipsius
621 3251 727 3312 umbra
742 3250 873 3312 Creusae

79 3335 158 3397 Visa
172 3335 243 3396 mihi
260 3341 329 3396 ante
344 3334 455 3411 oculos,
472 3340 503 3395 et
517 3340 588 3396 nota
601 3337 695 3417 major
712 3335 819 3416 imago.
911 3357 914 3364 ¹

82 3418 242 3502 Obstupui,
258 3425 465 3500 steteruntque
482 3439 594 3497 comae,
610 3427 641 3480 et
655 3442 712 3482 vox
726 3420 861 3481 faucibus
875 3419 982 3480 haesit.

80 3505 159 3566 Tum
173 3504 215 3566 sic
231 3505 325 3582 affari,
341 3510 373 3565 et
387 3524 474 3565 curas
489 3503 534 3564 his
551 3503 671 3566 demere
686 3505 793 3566 dictis:

81 3588 162 3661 Quid
177 3596 293 3650 tantum
307 3589 410 3651 insano
420 3589 508 3670 juvat
523 3588 679 3670 indulgere
695 3589 798 3665 dolori,

82 3672 109 3735 Ο
126 3674 221 3736 duleis
237 3672 369 3757 conjux?
392 3695 451 3735 non
465 3674 540 3735 haec
556 3673 619 3735 sine
634 3674 753 3735 numine
769 3673 870 3734 divum

81 3759 252 3821 Eveniunt:
276 3779 332 3820 nec
349 3765 378 3819 te
395 3759 531 3821 comitem
545 3758 614 3820 hinc
630 3765 748 3840 portare
765 3756 909 3818 Creusam
