2496 4334
144 276 207 342 278
471 294 500 338 P.
524 291 665 339 masmar
693 290 837 337 usaoms

142 442 240 523 Mrsit,
255 465 347 526 agens
360 443 499 520 hiemem,
513 443 613 506 nimbo
627 443 791 522 succincta,
802 464 857 526 per
871 463 970 522 auras,

144 529 326 611 Iliacamque
342 528 437 591 aciem
451 535 482 590 et
497 527 660 590 Laurentia
674 535 774 591 castra
789 528 904 610 petivit.

144 613 221 674 Tum
236 612 293 675 dea
306 613 385 675 nube
401 633 475 675 cava
489 620 610 674 tenuem
625 613 688 674 sine
706 613 817 675 viribus
832 613 967 673 umbram

144 695 183 759 In
196 697 303 759 faciem
317 697 441 760 Aeneae
453 731 496 744 -
505 697 571 759 visu
584 697 718 759 mirabile
733 703 897 759 monstrum
907 731 950 744 -

144 781 303 844 Dardaniis
318 788 404 844 omat
419 781 496 860 telis,
513 783 711 865 clypeumque
721 781 871 864 jubasque

143 865 245 928 Divini
260 866 411 929 assimulat
426 866 543 948 capitis,
558 864 611 929 dat
624 866 725 928 inania
738 865 840 943 verba,

143 949 206 1012 Dat
220 950 283 1013 sine
297 957 397 1012 mente
412 971 527 1029 sonum,
543 970 722 1032 gressusque
738 950 851 1031 effingit
865 950 983 1011 euntis:

88 1069 92 1072 ·
143 1033 242 1097 Morte
258 1035 337 1096 obita
351 1036 455 1116 quales
469 1035 550 1097 fama
564 1042 610 1097 est
623 1035 748 1097 volitare
762 1035 887 1116 figimus,

142 1117 209 1180 Aut
224 1139 301 1200 quae
316 1119 424 1201 sopitos
440 1119 586 1181 deludunt
600 1119 713 1181 somnia
727 1139 840 1181 sensus.

142 1201 188 1264 At
201 1203 311 1284 primas
326 1205 406 1266 laeta
421 1209 491 1265 ante
506 1203 585 1265 acies
603 1204 734 1265 exsultat
747 1204 857 1286 imago,

142 1285 305 1368 irritatque
320 1287 417 1349 virum
430 1287 498 1349 telis
513 1297 544 1350 et
558 1307 631 1350 voce
647 1288 776 1350 lacessit.

142 1369 241 1433 Instat
254 1372 303 1434 cui
317 1371 446 1450 Turnus,
461 1370 695 1454 stridentemque
711 1372 825 1433 eminus
839 1370 956 1434 hastam

143 1451 291 1539 Oonjicit3
313 1456 364 1518 illa
378 1456 448 1518 dato
464 1456 555 1519 vertit
568 1456 695 1537 vestigia
709 1462 805 1538 tergo.

142 1539 219 1602 Tum
229 1561 300 1602 vero
314 1540 442 1603 Aenean
457 1561 595 1603 aversum
609 1546 644 1602 ut
658 1540 766 1602 cedere
781 1540 900 1602 Turnus

144 1622 290 1702 Credidit,
306 1631 396 1706 atque
412 1624 509 1687 animo
524 1645 607 1706 spem
621 1624 759 1686 turbidus
773 1624 873 1686 hausit
886 1623 1026 1685 inanem:

143 1705 209 1780 Quo
223 1707 313 1790 fugis,
328 1707 460 1771 Aenea?
504 1709 661 1771 Thalamos
675 1729 714 1771 ne
730 1707 836 1787 desere
843 1706 973 1852 pactos!

142 1791 211 1854 Hac
227 1791 346 1854 dabitur
360 1792 466 1855 dextra
480 1795 568 1855 tellus
583 1793 718 1876 quaesita
732 1813 787 1876 per
801 1813 843 1853 uu
864 1811 907 1853 as.

143 1875 227 1938 Talia
241 1877 406 1940 vociferans
421 1878 567 1958 sequitur,
582 1877 776 1959 strictumque
792 1880 929 1938 coruscat

142 1959 329 2039 Mucronem,
344 1982 400 2023 nec
415 1962 495 2024 ferre
510 1961 664 2024 videtsua
676 1961 788 2043 gaudia
801 1966 917 2023 ventos.

142 2043 233 2108 Forte
248 2045 320 2108 ratis
335 2045 407 2108 celsi
422 2047 580 2128 conjuncta
595 2046 746 2128 crepidine
761 2045 825 2108 saxi
978 2048 979 2051 ’

142 2129 292 2211 Expositis
306 2130 405 2192 stabat
420 2131 506 2192 scalis
521 2136 552 2192 et
566 2136 654 2213 ponte
669 2136 784 2212 parato,

143 2212 210 2285 Qua
224 2234 278 2276 rex
293 2212 422 2276 Clusinis
437 2215 581 2276 advectus
597 2213 716 2276 Osinius
734 2215 802 2276 oris.

142 2296 213 2358 Huc
229 2317 294 2359 sese
310 2297 428 2379 trepida
441 2298 566 2360 Aeneae
582 2298 722 2380 fugientis
736 2299 835 2380 imago

144 2381 271 2464 OonJicit
281 2381 313 2442 in
327 2382 456 2445 latebras
470 2402 478 2458 ;
501 2403 557 2445 nec
573 2383 690 2445 Turnus
705 2385 824 2464 segnior
840 2383 943 2460 instat,

143 2464 372 2548 Exsuperatque
387 2487 483 2529 moras
499 2472 530 2528 et
544 2474 649 2549 pontes
666 2468 795 2529 transilit
812 2468 897 2529 altos.

142 2549 205 2611 Vix
219 2570 337 2632 proram
351 2551 512 2632 attigerat:
536 2551 648 2632 rumpit
664 2550 805 2614 Saturnia
819 2551 933 2628 funem,

142 2634 347 2715 Avrrlsamque
365 2637 444 2717 rapit
458 2637 594 2697 revoluta
609 2657 664 2717 per
678 2656 807 2717 aequora
824 2655 942 2696 navem.

144 2717 220 2780 Tum
234 2718 307 2780 levis
322 2718 402 2780 haud
416 2721 496 2781 ultra
509 2719 639 2781 latebras
649 2721 714 2801 jam
725 2719 842 2800 quaerit
856 2719 965 2799 imago,

146 2800 207 2863 Sed
222 2802 345 2864 sublime
360 2805 461 2865 volans
475 2803 547 2864 nubi
563 2824 595 2865 se
610 2803 770 2865 immiscuit
784 2809 878 2865 atrae.

143 2885 234 2946 Illum
249 2892 349 2947 autem
363 2885 486 2948 Aeneas
501 2888 655 2949 absentem
668 2888 699 2948 in
714 2887 827 2969 proelia
841 2886 936 2968 poscit
948 2905 957 2961 ;

145 2968 242 3031 Obvia
256 2971 350 3031 multa
364 2970 460 3032 virum
473 2970 603 3033 demittit
618 2992 742 3053 corpora
757 2972 864 3032 morti:
987 3013 990 3020 ,

85 3098 88 3103 -
144 3053 244 3126 Ouum
259 3054 392 3116 Turnum
405 3055 503 3118 medio
517 3055 633 3118 interea
647 3056 707 3117 fert
720 3076 850 3136 aequore
866 3053 962 3117 turbo.

144 3137 279 3218 Respicit
293 3138 414 3219 ignauis
428 3161 530 3201 rerum
540 3141 734 3222 ingratusque
750 3141 864 3215 salutis,

144 3220 187 3282 Et
201 3219 334 3303 duplices
349 3243 417 3284 cum
431 3243 505 3285 voce
519 3244 625 3284 manns
642 3222 680 3284 ad
696 3223 794 3284 sidera
808 3222 925 3284 tendit:

146 3302 340 3386 Omnipotens
355 3307 482 3387 genitor,
498 3308 612 3368 tanton’
627 3327 675 3368 me
692 3306 813 3368 crimine
829 3306 952 3386 dignum

144 3388 275 3466 Duxisti,
291 3395 323 3450 et
337 3390 412 3452 tales
427 3390 545 3451 voluisti
559 3391 728 3473 expendere
744 3389 880 3472 poenas?

145 3472 211 3545 Quo
226 3472 332 3535 feror?
354 3474 434 3536 uude
450 3473 535 3536 abii?
557 3495 634 3556 quae
649 3495 696 3536 me
711 3474 795 3556 fuga,
811 3494 938 3556 quemve
952 3467 1096 3535 reducit?
1133 3485 1180 3534 670

145 3556 350 3620 Laurentesne
365 3558 474 3620 iterum
488 3580 588 3621 muros
603 3566 656 3621 aut
670 3565 770 3620 castra
785 3558 917 3621 videbo?

146 3639 225 3712 Quid
240 3663 344 3705 manus
355 3643 406 3705 illa
421 3644 529 3722 virum,
543 3644 596 3725 qui
609 3664 657 3705 me
673 3663 799 3724 meaque
815 3664 898 3704 arma
913 3641 1018 3717 secuti,

145 3724 340 3806 Quosque-
351 3728 435 3790 nefas
447 3765 489 3775 -
500 3748 603 3790 omnes
616 3726 740 3789 infanda
754 3727 786 3788 in
800 3735 894 3790 morte
912 3724 1031 3807 reliqui,
