<?xml version="1.0" encoding="UTF-8"?>
<!DOCTYPE html PUBLIC "-//W3C//DTD XHTML 1.0 Transitional//EN"
    "http://www.w3.org/TR/xhtml1/DTD/xhtml1-transitional.dtd">
<html xmlns="http://www.w3.org/1999/xhtml" xml:lang="en" lang="en">
 <head>
  <title>
</title>
<meta http-equiv="Content-Type" content="text/html;charset=utf-8" />
  <meta name='ocr-system' content='tesseract 3.04.00' />
  <meta name='ocr-capabilities' content='ocr_page ocr_carea ocr_par ocr_line ocrx_word'/>
</head>
<body>
  <div class='ocr_page' id='page_1' title='image "./bucolicsgeorgic00virggoog_0081.png"; bbox 0 0 2496 4334; ppageno 0'>
   <div class='ocr_carea' id='block_1_1' title="bbox 135 264 836 353">
    <p class='ocr_par' dir='ltr' id='par_1_1' title="bbox 135 264 836 353">
     <span class='ocr_line' id='line_1_1' title="bbox 135 264 836 353; baseline -0.001 -24"><span class='ocrx_word' id='word_1_1' title='bbox 135 264 175 330; x_wconf 79' lang='lat'>70</span> <span class='ocrx_word' id='word_1_2' title='bbox 306 347 309 353; x_wconf 25' lang='grc' dir='ltr'>Ι</span> <span class='ocrx_word' id='word_1_3' title='bbox 480 281 836 328; x_wconf 64' lang='lat' dir='ltr'>amicorumainicorum</span> 
     </span>
    </p>
   </div>
   <div class='ocr_carea' id='block_1_2' title="bbox 95 435 1032 3863">
    <p class='ocr_par' dir='ltr' id='par_1_2' title="bbox 95 435 1032 3863">
     <span class='ocr_line' id='line_1_2' title="bbox 135 435 914 520; baseline 0.001 -22"><span class='ocrx_word' id='word_1_4' title='bbox 135 435 254 499; x_wconf 82' lang='lat' dir='ltr'><strong>Primus</strong></span> <span class='ocrx_word' id='word_1_5' title='bbox 270 437 435 515; x_wconf 89' lang='lat' dir='ltr'>abundare,</span> <span class='ocrx_word' id='word_1_6' title='bbox 451 443 482 498; x_wconf 91' lang='lat' dir='ltr'>et</span> <span class='ocrx_word' id='word_1_7' title='bbox 496 436 666 520; x_wconf 74' lang='lat' dir='ltr'>spumantia</span> <span class='ocrx_word' id='word_1_8' title='bbox 681 457 788 518; x_wconf 88' lang='lat' dir='ltr'>cogere</span> <span class='ocrx_word' id='word_1_9' title='bbox 804 436 914 519; x_wconf 84' lang='lat' dir='ltr'>pressis</span> 
     </span>
     <span class='ocr_line' id='line_1_3' title="bbox 135 522 913 609; baseline 0 -25"><span class='ocrx_word' id='word_1_10' title='bbox 135 523 231 584; x_wconf 92' lang='lat' dir='ltr'>Mella</span> <span class='ocrx_word' id='word_1_11' title='bbox 245 523 343 597; x_wconf 83' lang='lat' dir='ltr'>favis3</span> <span class='ocrx_word' id='word_1_12' title='bbox 366 523 409 585; x_wconf 93' lang='lat' dir='ltr'>illi</span> <span class='ocrx_word' id='word_1_13' title='bbox 424 523 517 609; x_wconf 84' lang='lat' dir='ltr'>tiliae,</span> <span class='ocrx_word' id='word_1_14' title='bbox 534 529 624 605; x_wconf 90' lang='lat' dir='ltr'>atque</span> <span class='ocrx_word' id='word_1_15' title='bbox 640 522 792 584; x_wconf 91' lang='lat' dir='ltr'>uberrima</span> <span class='ocrx_word' id='word_1_16' title='bbox 805 523 913 605; x_wconf 89' lang='lat' dir='ltr'>pinus;</span> 
     </span>
     <span class='ocr_line' id='line_1_4' title="bbox 136 604 876 691; baseline 0 -22"><span class='ocrx_word' id='word_1_17' title='bbox 136 607 274 690; x_wconf 78' lang='lat' dir='ltr'>Quotque</span> <span class='ocrx_word' id='word_1_18' title='bbox 289 608 321 670; x_wconf 90' lang='lat' dir='ltr'>in</span> <span class='ocrx_word' id='word_1_19' title='bbox 334 609 406 670; x_wconf 91' lang='lat' dir='ltr'>flore</span> <span class='ocrx_word' id='word_1_20' title='bbox 421 604 605 691; x_wconf 66' lang='lat' dir='ltr'>novo‘pomis</span> <span class='ocrx_word' id='word_1_21' title='bbox 621 629 652 670; x_wconf 90' lang='lat' dir='ltr'>se</span> <span class='ocrx_word' id='word_1_22' title='bbox 668 608 775 670; x_wconf 90' lang='lat' dir='ltr'>fertilis</span> <span class='ocrx_word' id='word_1_23' title='bbox 790 608 876 670; x_wconf 89' lang='lat' dir='ltr'>arbos</span> 
     </span>
     <span class='ocr_line' id='line_1_5' title="bbox 135 693 869 770; baseline 0.001 -16"><span class='ocrx_word' id='word_1_24' title='bbox 135 693 293 770; x_wconf 76' lang='lat' dir='ltr'>Induerat,</span> <span class='ocrx_word' id='word_1_25' title='bbox 309 694 432 756; x_wconf 88' lang='lat' dir='ltr'>totidem</span> <span class='ocrx_word' id='word_1_26' title='bbox 448 700 590 756; x_wconf 86' lang='lat' dir='ltr'>autumno</span> <span class='ocrx_word' id='word_1_27' title='bbox 604 700 723 755; x_wconf 88' lang='lat' dir='ltr'>matura</span> <span class='ocrx_word' id='word_1_28' title='bbox 737 694 869 756; x_wconf 88' lang='lat' dir='ltr'>tenebat.</span> 
     </span>
     <span class='ocr_line' id='line_1_6' title="bbox 135 778 826 856; baseline 0.003 -16"><span class='ocrx_word' id='word_1_29' title='bbox 135 778 191 841; x_wconf 89' lang='lat' dir='ltr'>Illo</span> <span class='ocrx_word' id='word_1_30' title='bbox 208 779 298 841; x_wconf 91' lang='lat' dir='ltr'>etiam</span> <span class='ocrx_word' id='word_1_31' title='bbox 314 801 396 842; x_wconf 90' lang='lat' dir='ltr'>seras</span> <span class='ocrx_word' id='word_1_32' title='bbox 411 780 442 841; x_wconf 90' lang='lat' dir='ltr'>in</span> <span class='ocrx_word' id='word_1_33' title='bbox 457 801 577 842; x_wconf 90' lang='lat' dir='ltr'>versum</span> <span class='ocrx_word' id='word_1_34' title='bbox 592 779 707 841; x_wconf 89' lang='lat' dir='ltr'>distulit</span> <span class='ocrx_word' id='word_1_35' title='bbox 721 780 826 856; x_wconf 65' lang='lat' dir='ltr'>ulmos</span> 
     </span>
     <span class='ocr_line' id='line_1_7' title="bbox 136 864 958 948; baseline 0.001 -22"><span class='ocrx_word' id='word_1_36' title='bbox 136 864 329 947; x_wconf 83' lang='lat' dir='ltr'>Eduramque</span> <span class='ocrx_word' id='word_1_37' title='bbox 345 866 453 948; x_wconf 86' lang='lat' dir='ltr'>pirum,</span> <span class='ocrx_word' id='word_1_38' title='bbox 469 872 528 927; x_wconf 90' lang='lat' dir='ltr'>ets</span> <span class='ocrx_word' id='word_1_39' title='bbox 550 865 613 948; x_wconf 85' lang='lat' dir='ltr'>inos</span> <span class='ocrx_word' id='word_1_40' title='bbox 623 867 689 948; x_wconf 79' lang='lat' dir='ltr'>J&#39;am</span> <span class='ocrx_word' id='word_1_41' title='bbox 703 886 800 947; x_wconf 90' lang='lat' dir='ltr'>pruna</span> <span class='ocrx_word' id='word_1_42' title='bbox 816 866 958 944; x_wconf 64' lang='lat' dir='ltr'>ferentes</span> 
     </span>
     <span class='ocr_line' id='line_1_8' title="bbox 135 888 997 1034; baseline 0.002 -22"><span class='ocrx_word' id='word_1_43' title='bbox 135 950 265 1032; x_wconf 81' lang='lat' dir='ltr'>Jamque</span> <span class='ocrx_word' id='word_1_44' title='bbox 280 951 499 1013; x_wconf 76' lang='lat' dir='ltr'>ministrantem</span> <span class='ocrx_word' id='word_1_45' title='bbox 513 888 667 1034; x_wconf 79' lang='lat' dir='ltr'>platanum</span> <span class='ocrx_word' id='word_1_46' title='bbox 681 951 851 1033; x_wconf 85' lang='lat' dir='ltr'>potantibus</span> <span class='ocrx_word' id='word_1_47' title='bbox 867 951 997 1014; x_wconf 90' lang='lat' dir='ltr'>umbras.</span> 
     </span>
     <span class='ocr_line' id='line_1_9' title="bbox 135 1035 972 1119; baseline 0.002 -22"><span class='ocrx_word' id='word_1_48' title='bbox 135 1035 252 1098; x_wconf 87' lang='lat' dir='ltr'>Verum</span> <span class='ocrx_word' id='word_1_49' title='bbox 266 1037 341 1098; x_wconf 92' lang='lat' dir='ltr'>haec</span> <span class='ocrx_word' id='word_1_50' title='bbox 358 1037 422 1119; x_wconf 90' lang='lat' dir='ltr'>ipse</span> <span class='ocrx_word' id='word_1_51' title='bbox 438 1037 577 1119; x_wconf 90' lang='lat' dir='ltr'>equidem</span> <span class='ocrx_word' id='word_1_52' title='bbox 592 1036 694 1118; x_wconf 92' lang='lat' dir='ltr'>spatiis</span> <span class='ocrx_word' id='word_1_53' title='bbox 710 1037 848 1100; x_wconf 86' lang='lat' dir='ltr'>exclusus</span> <span class='ocrx_word' id='word_1_54' title='bbox 863 1037 972 1118; x_wconf 88' lang='lat' dir='ltr'>iniquis</span> 
     </span>
     <span class='ocr_line' id='line_1_10' title="bbox 135 1120 1012 1206; baseline 0.005 -23"><span class='ocrx_word' id='word_1_55' title='bbox 135 1120 309 1201; x_wconf 85' lang='lat' dir='ltr'>Praetereo,</span> <span class='ocrx_word' id='word_1_56' title='bbox 326 1129 416 1204; x_wconf 85' lang='lat' dir='ltr'>atque</span> <span class='ocrx_word' id='word_1_57' title='bbox 433 1123 497 1185; x_wconf 89' lang='lat' dir='ltr'>aliis</span> <span class='ocrx_word' id='word_1_58' title='bbox 514 1129 580 1206; x_wconf 89' lang='lat' dir='ltr'>post</span> <span class='ocrx_word' id='word_1_59' title='bbox 594 1143 642 1184; x_wconf 92' lang='lat' dir='ltr'>me</span> <span class='ocrx_word' id='word_1_60' title='bbox 657 1123 851 1185; x_wconf 88' lang='lat' dir='ltr'>memoranda</span> <span class='ocrx_word' id='word_1_61' title='bbox 865 1123 1012 1204; x_wconf 90' lang='lat' dir='ltr'>relinquo.</span> 
     </span>
     <span class='ocr_line' id='line_1_11' title="bbox 178 1208 917 1291; baseline 0.003 -22"><span class='ocrx_word' id='word_1_62' title='bbox 178 1208 269 1270; x_wconf 88' lang='lat' dir='ltr'>Nunc</span> <span class='ocrx_word' id='word_1_63' title='bbox 285 1229 353 1289; x_wconf 90' lang='lat' dir='ltr'>age,</span> <span class='ocrx_word' id='word_1_64' title='bbox 369 1215 493 1270; x_wconf 85' lang='lat' dir='ltr'>naturas</span> <span class='ocrx_word' id='word_1_65' title='bbox 509 1210 614 1291; x_wconf 91' lang='lat' dir='ltr'>apibus</span> <span class='ocrx_word' id='word_1_66' title='bbox 629 1228 703 1290; x_wconf 88' lang='lat' dir='ltr'>quas</span> <span class='ocrx_word' id='word_1_67' title='bbox 717 1208 839 1290; x_wconf 85' lang='lat' dir='ltr'>Jupiter</span> <span class='ocrx_word' id='word_1_68' title='bbox 853 1209 917 1291; x_wconf 89' lang='lat' dir='ltr'>ipse</span> 
     </span>
     <span class='ocr_line' id='line_1_12' title="bbox 135 1292 924 1377; baseline 0.004 -23"><span class='ocrx_word' id='word_1_69' title='bbox 135 1292 274 1371; x_wconf 82' lang='lat' dir='ltr'>Addidit,</span> <span class='ocrx_word' id='word_1_70' title='bbox 290 1293 466 1375; x_wconf 84' lang='lat' dir='ltr'>expediam3</span> <span class='ocrx_word' id='word_1_71' title='bbox 489 1316 543 1377; x_wconf 94' lang='lat' dir='ltr'>pro</span> <span class='ocrx_word' id='word_1_72' title='bbox 559 1314 619 1376; x_wconf 89' lang='lat' dir='ltr'>qua</span> <span class='ocrx_word' id='word_1_73' title='bbox 632 1293 784 1372; x_wconf 87' lang='lat' dir='ltr'>mercede,</span> <span class='ocrx_word' id='word_1_74' title='bbox 800 1315 924 1357; x_wconf 89' lang='lat' dir='ltr'>canoros</span> 
     </span>
     <span class='ocr_line' id='line_1_13' title="bbox 136 1378 897 1462; baseline 0.001 -20"><span class='ocrx_word' id='word_1_75' title='bbox 136 1378 281 1442; x_wconf 79' lang='lat' dir='ltr'>Curetum</span> <span class='ocrx_word' id='word_1_76' title='bbox 296 1379 409 1442; x_wconf 89' lang='lat' dir='ltr'>sonitus</span> <span class='ocrx_word' id='word_1_77' title='bbox 424 1380 661 1462; x_wconf 84' lang='lat' dir='ltr'>crepitantiaque</span> <span class='ocrx_word' id='word_1_78' title='bbox 677 1400 749 1440; x_wconf 89' lang='lat' dir='ltr'>aera</span> <span class='ocrx_word' id='word_1_79' title='bbox 764 1387 897 1460; x_wconf 89' lang='lat' dir='ltr'>secutae,</span> 
     </span>
     <span class='ocr_line' id='line_1_14' title="bbox 134 1464 782 1549; baseline 0.002 -23"><span class='ocrx_word' id='word_1_80' title='bbox 134 1464 262 1527; x_wconf 88' lang='lat' dir='ltr'>Dictaeo</span> <span class='ocrx_word' id='word_1_81' title='bbox 278 1465 354 1526; x_wconf 92' lang='lat' dir='ltr'>coeli</span> <span class='ocrx_word' id='word_1_82' title='bbox 370 1486 473 1547; x_wconf 90' lang='lat' dir='ltr'>regem</span> <span class='ocrx_word' id='word_1_83' title='bbox 487 1487 598 1549; x_wconf 92' lang='lat' dir='ltr'>pavere</span> <span class='ocrx_word' id='word_1_84' title='bbox 614 1465 669 1528; x_wconf 92' lang='lat' dir='ltr'>sub</span> <span class='ocrx_word' id='word_1_85' title='bbox 685 1471 782 1527; x_wconf 86' lang='lat' dir='ltr'>antro.</span> 
     </span>
     <span class='ocr_line' id='line_1_15' title="bbox 136 1548 783 1630; baseline 0.002 -18"><span class='ocrx_word' id='word_1_86' title='bbox 136 1548 223 1612; x_wconf 81' lang='lat' dir='ltr'>Solae</span> <span class='ocrx_word' id='word_1_87' title='bbox 240 1571 410 1613; x_wconf 88' lang='lat' dir='ltr'>communes</span> <span class='ocrx_word' id='word_1_88' title='bbox 425 1558 522 1630; x_wconf 86' lang='lat' dir='ltr'>natos,</span> <span class='ocrx_word' id='word_1_89' title='bbox 538 1551 686 1614; x_wconf 82' lang='lat' dir='ltr'>consortia</span> <span class='ocrx_word' id='word_1_90' title='bbox 701 1557 783 1613; x_wconf 84' lang='lat' dir='ltr'>tecta</span> 
     </span>
     <span class='ocr_line' id='line_1_16' title="bbox 134 1635 1032 1720; baseline 0.004 -23"><span class='ocrx_word' id='word_1_91' title='bbox 134 1635 225 1698; x_wconf 87' lang='lat' dir='ltr'>Urbis</span> <span class='ocrx_word' id='word_1_92' title='bbox 241 1636 362 1714; x_wconf 88' lang='lat' dir='ltr'>habent,</span> <span class='ocrx_word' id='word_1_93' title='bbox 377 1637 553 1720; x_wconf 84' lang='lat' dir='ltr'>magnisque</span> <span class='ocrx_word' id='word_1_94' title='bbox 569 1637 686 1719; x_wconf 85' lang='lat' dir='ltr'>agitant</span> <span class='ocrx_word' id='word_1_95' title='bbox 700 1636 755 1698; x_wconf 90' lang='lat' dir='ltr'>sub</span> <span class='ocrx_word' id='word_1_96' title='bbox 770 1637 886 1718; x_wconf 88' lang='lat' dir='ltr'>legibus</span> <span class='ocrx_word' id='word_1_97' title='bbox 902 1659 1032 1716; x_wconf 84' lang='lat' dir='ltr'>aevum3</span> 
     </span>
     <span class='ocr_line' id='line_1_17' title="bbox 134 1720 855 1804; baseline 0.003 -22"><span class='ocrx_word' id='word_1_98' title='bbox 134 1720 177 1782; x_wconf 81' lang='lat' dir='ltr'>Et</span> <span class='ocrx_word' id='word_1_99' title='bbox 191 1722 318 1804; x_wconf 87' lang='lat' dir='ltr'>patriam</span> <span class='ocrx_word' id='word_1_100' title='bbox 334 1723 413 1784; x_wconf 89' lang='lat' dir='ltr'>solae</span> <span class='ocrx_word' id='word_1_101' title='bbox 430 1729 460 1784; x_wconf 92' lang='lat' dir='ltr'>et</span> <span class='ocrx_word' id='word_1_102' title='bbox 475 1730 572 1785; x_wconf 82' lang='lat' dir='ltr'>certos</span> <span class='ocrx_word' id='word_1_103' title='bbox 587 1744 697 1785; x_wconf 87' lang='lat' dir='ltr'>novere</span> <span class='ocrx_word' id='word_1_104' title='bbox 713 1729 855 1804; x_wconf 87' lang='lat' dir='ltr'>penates;</span> 
     </span>
     <span class='ocr_line' id='line_1_18' title="bbox 133 1807 911 1889; baseline 0.001 -20"><span class='ocrx_word' id='word_1_105' title='bbox 133 1807 351 1889; x_wconf 88' lang='lat' dir='ltr'>Venturaeque</span> <span class='ocrx_word' id='word_1_106' title='bbox 367 1807 472 1871; x_wconf 88' lang='lat' dir='ltr'>hiemis</span> <span class='ocrx_word' id='word_1_107' title='bbox 487 1829 633 1870; x_wconf 82' lang='lat' dir='ltr'>memores</span> <span class='ocrx_word' id='word_1_108' title='bbox 649 1814 763 1870; x_wconf 86' lang='lat' dir='ltr'>aestate</span> <span class='ocrx_word' id='word_1_109' title='bbox 779 1808 911 1870; x_wconf 91' lang='lat' dir='ltr'>laborem</span> 
     </span>
     <span class='ocr_line' id='line_1_19' title="bbox 134 1892 911 1976; baseline 0.004 -22"><span class='ocrx_word' id='word_1_110' title='bbox 134 1892 349 1975; x_wconf 82' lang='lat' dir='ltr'>Experiuntur,</span> <span class='ocrx_word' id='word_1_111' title='bbox 365 1900 397 1955; x_wconf 90' lang='lat' dir='ltr'>et</span> <span class='ocrx_word' id='word_1_112' title='bbox 411 1894 442 1954; x_wconf 88' lang='lat' dir='ltr'>in</span> <span class='ocrx_word' id='word_1_113' title='bbox 456 1894 587 1956; x_wconf 90' lang='lat' dir='ltr'>medium</span> <span class='ocrx_word' id='word_1_114' title='bbox 603 1894 738 1976; x_wconf 85' lang='lat' dir='ltr'>quaesita</span> <span class='ocrx_word' id='word_1_115' title='bbox 752 1900 911 1976; x_wconf 88' lang='lat' dir='ltr'>reponunt.</span> 
     </span>
     <span class='ocr_line' id='line_1_20' title="bbox 134 1977 933 2062; baseline 0.005 -23"><span class='ocrx_word' id='word_1_116' title='bbox 134 1977 274 2061; x_wconf 87' lang='lat' dir='ltr'>Namque</span> <span class='ocrx_word' id='word_1_117' title='bbox 290 1978 365 2040; x_wconf 90' lang='lat' dir='ltr'>aliae</span> <span class='ocrx_word' id='word_1_118' title='bbox 381 1979 464 2040; x_wconf 87' lang='lat' dir='ltr'>victu</span> <span class='ocrx_word' id='word_1_119' title='bbox 478 1980 646 2061; x_wconf 87' lang='lat' dir='ltr'>invigilant,</span> <span class='ocrx_word' id='word_1_120' title='bbox 662 1985 693 2041; x_wconf 91' lang='lat' dir='ltr'>et</span> <span class='ocrx_word' id='word_1_121' title='bbox 707 1979 827 2041; x_wconf 85' lang='lat' dir='ltr'>foedere</span> <span class='ocrx_word' id='word_1_122' title='bbox 843 1986 933 2062; x_wconf 88' lang='lat' dir='ltr'>pacto</span> 
     </span>
     <span class='ocr_line' id='line_1_21' title="bbox 133 2063 917 2148; baseline 0.001 -22"><span class='ocrx_word' id='word_1_123' title='bbox 133 2063 323 2127; x_wconf 79' lang='lat' dir='ltr'>Exercentur</span> <span class='ocrx_word' id='word_1_124' title='bbox 338 2064 417 2146; x_wconf 88' lang='lat' dir='ltr'>agris</span> <span class='ocrx_word' id='word_1_125' title='bbox 432 2085 440 2141; x_wconf 90' lang='lat'>;</span> <span class='ocrx_word' id='word_1_126' title='bbox 464 2087 533 2148; x_wconf 91' lang='lat' dir='ltr'>pars</span> <span class='ocrx_word' id='word_1_127' title='bbox 548 2066 628 2127; x_wconf 84' lang='lat' dir='ltr'>intra</span> <span class='ocrx_word' id='word_1_128' title='bbox 643 2072 748 2147; x_wconf 89' lang='lat' dir='ltr'>saepta</span> <span class='ocrx_word' id='word_1_129' title='bbox 763 2065 917 2127; x_wconf 89' lang='lat' dir='ltr'>domorum</span> 
     </span>
     <span class='ocr_line' id='line_1_22' title="bbox 132 2149 932 2234; baseline 0.003 -23"><span class='ocrx_word' id='word_1_130' title='bbox 132 2149 269 2213; x_wconf 89' lang='lat' dir='ltr'>Narcissi</span> <span class='ocrx_word' id='word_1_131' title='bbox 283 2151 458 2234; x_wconf 82' lang='lat' dir='ltr'>lacrymam,</span> <span class='ocrx_word' id='word_1_132' title='bbox 471 2158 502 2213; x_wconf 92' lang='lat' dir='ltr'>et</span> <span class='ocrx_word' id='word_1_133' title='bbox 516 2153 631 2214; x_wconf 86' lang='lat' dir='ltr'>lentum</span> <span class='ocrx_word' id='word_1_134' title='bbox 646 2151 684 2213; x_wconf 90' lang='lat' dir='ltr'>de</span> <span class='ocrx_word' id='word_1_135' title='bbox 700 2152 811 2213; x_wconf 90' lang='lat' dir='ltr'>cortice</span> <span class='ocrx_word' id='word_1_136' title='bbox 827 2152 932 2233; x_wconf 84' lang='lat' dir='ltr'>gluten</span> 
     </span>
     <span class='ocr_line' id='line_1_23' title="bbox 133 2235 934 2318; baseline 0.004 -21"><span class='ocrx_word' id='word_1_137' title='bbox 133 2235 236 2298; x_wconf 88' lang='lat' dir='ltr'>Prima</span> <span class='ocrx_word' id='word_1_138' title='bbox 250 2236 326 2297; x_wconf 90' lang='lat' dir='ltr'>favis</span> <span class='ocrx_word' id='word_1_139' title='bbox 342 2242 455 2318; x_wconf 87' lang='lat' dir='ltr'>ponunt</span> <span class='ocrx_word' id='word_1_140' title='bbox 470 2237 644 2299; x_wconf 88' lang='lat' dir='ltr'>fundamina</span> <span class='ocrx_word' id='word_1_141' title='bbox 657 2257 664 2312; x_wconf 84' lang='lat'>3</span> <span class='ocrx_word' id='word_1_142' title='bbox 687 2236 795 2300; x_wconf 91' lang='lat' dir='ltr'>deinde</span> <span class='ocrx_word' id='word_1_143' title='bbox 811 2244 934 2300; x_wconf 88' lang='lat' dir='ltr'>tenaces</span> 
     </span>
     <span class='ocr_line' id='line_1_24' title="bbox 134 2318 917 2404; baseline 0.005 -22"><span class='ocrx_word' id='word_1_144' title='bbox 134 2318 329 2404; x_wconf 80' lang='lat' dir='ltr'>Suspenduut</span> <span class='ocrx_word' id='word_1_145' title='bbox 344 2342 450 2397; x_wconf 81' lang='lat' dir='ltr'>ccras3</span> <span class='ocrx_word' id='word_1_146' title='bbox 474 2324 561 2400; x_wconf 88' lang='lat' dir='ltr'>aliae,</span> <span class='ocrx_word' id='word_1_147' title='bbox 577 2343 661 2404; x_wconf 87' lang='lat' dir='ltr'>spem</span> <span class='ocrx_word' id='word_1_148' title='bbox 675 2323 784 2404; x_wconf 88' lang='lat' dir='ltr'>gentis,</span> <span class='ocrx_word' id='word_1_149' title='bbox 799 2323 917 2386; x_wconf 84' lang='lat' dir='ltr'>adultos</span> 
     </span>
     <span class='ocr_line' id='line_1_25' title="bbox 132 2405 768 2491; baseline 0.006 -24"><span class='ocrx_word' id='word_1_150' title='bbox 132 2405 276 2469; x_wconf 85' lang='lat' dir='ltr'>Educunt</span> <span class='ocrx_word' id='word_1_151' title='bbox 290 2408 369 2470; x_wconf 87' lang='lat' dir='ltr'>fetus</span> <span class='ocrx_word' id='word_1_152' title='bbox 384 2428 391 2484; x_wconf 85' lang='lat'>3</span> <span class='ocrx_word' id='word_1_153' title='bbox 416 2409 491 2470; x_wconf 87' lang='lat' dir='ltr'>aliae</span> <span class='ocrx_word' id='word_1_154' title='bbox 507 2409 666 2491; x_wconf 87' lang='lat' dir='ltr'>purissima</span> <span class='ocrx_word' id='word_1_155' title='bbox 679 2409 768 2471; x_wconf 89' lang='lat' dir='ltr'>mella</span> 
     </span>
     <span class='ocr_line' id='line_1_26' title="bbox 133 2490 884 2576; baseline 0.003 -22"><span class='ocrx_word' id='word_1_156' title='bbox 133 2490 263 2576; x_wconf 80' lang='lat' dir='ltr'>Stipant,</span> <span class='ocrx_word' id='word_1_157' title='bbox 280 2500 311 2555; x_wconf 91' lang='lat' dir='ltr'>et</span> <span class='ocrx_word' id='word_1_158' title='bbox 325 2493 438 2575; x_wconf 92' lang='lat' dir='ltr'>liquido</span> <span class='ocrx_word' id='word_1_159' title='bbox 454 2494 628 2557; x_wconf 89' lang='lat' dir='ltr'>distendunt</span> <span class='ocrx_word' id='word_1_160' title='bbox 643 2501 766 2556; x_wconf 86' lang='lat' dir='ltr'>nectare</span> <span class='ocrx_word' id='word_1_161' title='bbox 783 2495 884 2557; x_wconf 87' lang='lat' dir='ltr'>cellas.</span> 
     </span>
     <span class='ocr_line' id='line_1_27' title="bbox 133 2576 896 2662; baseline 0.003 -22"><span class='ocrx_word' id='word_1_162' title='bbox 133 2576 221 2659; x_wconf 81' lang='lat' dir='ltr'>Sunt,</span> <span class='ocrx_word' id='word_1_163' title='bbox 238 2580 344 2662; x_wconf 91' lang='lat' dir='ltr'>quibus</span> <span class='ocrx_word' id='word_1_164' title='bbox 360 2578 399 2640; x_wconf 90' lang='lat' dir='ltr'>ad</span> <span class='ocrx_word' id='word_1_165' title='bbox 413 2588 514 2662; x_wconf 90' lang='lat' dir='ltr'>portas</span> <span class='ocrx_word' id='word_1_166' title='bbox 530 2580 641 2642; x_wconf 87' lang='lat' dir='ltr'>cecidit</span> <span class='ocrx_word' id='word_1_167' title='bbox 656 2580 791 2642; x_wconf 89' lang='lat' dir='ltr'>custodia</span> <span class='ocrx_word' id='word_1_168' title='bbox 805 2581 896 2656; x_wconf 81' lang='lat' dir='ltr'>sorti3</span> 
     </span>
     <span class='ocr_line' id='line_1_28' title="bbox 130 2664 928 2748; baseline 0.003 -22"><span class='ocrx_word' id='word_1_169' title='bbox 130 2664 228 2747; x_wconf 92' lang='lat' dir='ltr'>Inque</span> <span class='ocrx_word' id='word_1_170' title='bbox 244 2665 340 2727; x_wconf 91' lang='lat' dir='ltr'>vicem</span> <span class='ocrx_word' id='word_1_171' title='bbox 355 2667 548 2746; x_wconf 86' lang='lat' dir='ltr'>speculantur</span> <span class='ocrx_word' id='word_1_172' title='bbox 563 2685 655 2748; x_wconf 87' lang='lat' dir='ltr'>aquas</span> <span class='ocrx_word' id='word_1_173' title='bbox 671 2672 702 2726; x_wconf 91' lang='lat' dir='ltr'>et</span> <span class='ocrx_word' id='word_1_174' title='bbox 716 2666 818 2728; x_wconf 91' lang='lat' dir='ltr'>nubila</span> <span class='ocrx_word' id='word_1_175' title='bbox 833 2665 928 2742; x_wconf 85' lang='lat' dir='ltr'>coeli3</span> 
     </span>
     <span class='ocr_line' id='line_1_29' title="bbox 130 2748 985 2833; baseline 0.002 -23"><span class='ocrx_word' id='word_1_176' title='bbox 130 2748 196 2812; x_wconf 88' lang='lat' dir='ltr'>Aut</span> <span class='ocrx_word' id='word_1_177' title='bbox 211 2772 303 2813; x_wconf 92' lang='lat' dir='ltr'>onera</span> <span class='ocrx_word' id='word_1_178' title='bbox 318 2751 469 2833; x_wconf 89' lang='lat' dir='ltr'>accipiunt</span> <span class='ocrx_word' id='word_1_179' title='bbox 484 2752 667 2828; x_wconf 90' lang='lat' dir='ltr'>venientum,</span> <span class='ocrx_word' id='word_1_180' title='bbox 684 2758 736 2812; x_wconf 90' lang='lat' dir='ltr'>aut</span> <span class='ocrx_word' id='word_1_181' title='bbox 752 2752 869 2832; x_wconf 78' lang='lat' dir='ltr'>agmine</span> <span class='ocrx_word' id='word_1_182' title='bbox 885 2752 967 2814; x_wconf 89' lang='lat' dir='ltr'>facto</span> <span class='ocrx_word' id='word_1_183' title='bbox 983 2805 985 2812; x_wconf 81' lang='grc'>,</span> 
     </span>
     <span class='ocr_line' id='line_1_30' title="bbox 130 2836 882 2919; baseline 0.003 -21"><span class='ocrx_word' id='word_1_184' title='bbox 130 2836 290 2918; x_wconf 86' lang='lat' dir='ltr'>Ignavum,</span> <span class='ocrx_word' id='word_1_185' title='bbox 306 2837 401 2913; x_wconf 66' lang='lat' dir='ltr'>fucos</span> <span class='ocrx_word' id='word_1_186' title='bbox 417 2858 509 2919; x_wconf 90' lang='lat' dir='ltr'>pecus</span> <span class='ocrx_word' id='word_1_187' title='bbox 525 2859 543 2899; x_wconf 88' lang='lat' dir='ltr'>a</span> <span class='ocrx_word' id='word_1_188' title='bbox 557 2837 751 2919; x_wconf 86' lang='lat' dir='ltr'>praesepibus</span> <span class='ocrx_word' id='word_1_189' title='bbox 767 2844 882 2900; x_wconf 89' lang='lat' dir='ltr'>arcent.</span> 
     </span>
     <span class='ocr_line' id='line_1_31' title="bbox 129 2921 967 3005; baseline 0.001 -22"><span class='ocrx_word' id='word_1_190' title='bbox 129 2921 243 2985; x_wconf 88' lang='lat' dir='ltr'>Fervet</span> <span class='ocrx_word' id='word_1_191' title='bbox 257 2944 342 3005; x_wconf 89' lang='lat' dir='ltr'>opus,</span> <span class='ocrx_word' id='word_1_192' title='bbox 358 2921 553 3005; x_wconf 82' lang='lat' dir='ltr'>redolentque</span> <span class='ocrx_word' id='word_1_193' title='bbox 570 2923 672 3003; x_wconf 86' lang='lat' dir='ltr'>thymo</span> <span class='ocrx_word' id='word_1_194' title='bbox 687 2922 854 3004; x_wconf 84' lang='lat' dir='ltr'>fragrantia</span> <span class='ocrx_word' id='word_1_195' title='bbox 867 2923 967 2985; x_wconf 91' lang='lat' dir='ltr'>mella.</span> 
     </span>
     <span class='ocr_line' id='line_1_32' title="bbox 129 3007 812 3092; baseline 0.003 -23"><span class='ocrx_word' id='word_1_196' title='bbox 129 3008 177 3070; x_wconf 89' lang='lat' dir='ltr'>Ac</span> <span class='ocrx_word' id='word_1_197' title='bbox 193 3009 287 3071; x_wconf 90' lang='lat' dir='ltr'>veluti</span> <span class='ocrx_word' id='word_1_198' title='bbox 301 3008 390 3070; x_wconf 89' lang='lat' dir='ltr'>lentis</span> <span class='ocrx_word' id='word_1_199' title='bbox 408 3007 554 3092; x_wconf 78' lang='lat' dir='ltr'>Cyclopes</span> <span class='ocrx_word' id='word_1_200' title='bbox 569 3008 693 3070; x_wconf 86' lang='lat' dir='ltr'>fulmina</span> <span class='ocrx_word' id='word_1_201' title='bbox 707 3009 812 3071; x_wconf 89' lang='lat' dir='ltr'>massis</span> 
     </span>
     <span class='ocr_line' id='line_1_33' title="bbox 129 3093 857 3177; baseline 0.003 -22"><span class='ocrx_word' id='word_1_202' title='bbox 129 3093 229 3166; x_wconf 80' lang='lat' dir='ltr'>Quum</span> <span class='ocrx_word' id='word_1_203' title='bbox 244 3101 416 3177; x_wconf 90' lang='lat' dir='ltr'>properant,</span> <span class='ocrx_word' id='word_1_204' title='bbox 433 3095 483 3157; x_wconf 88' lang='lat' dir='ltr'>alii</span> <span class='ocrx_word' id='word_1_205' title='bbox 498 3095 622 3157; x_wconf 90' lang='lat' dir='ltr'>taurinis</span> <span class='ocrx_word' id='word_1_206' title='bbox 637 3093 753 3156; x_wconf 88' lang='lat' dir='ltr'>follibus</span> <span class='ocrx_word' id='word_1_207' title='bbox 769 3115 857 3157; x_wconf 87' lang='lat' dir='ltr'>auras</span> 
     </span>
     <span class='ocr_line' id='line_1_34' title="bbox 128 3179 906 3263; baseline 0.001 -22"><span class='ocrx_word' id='word_1_208' title='bbox 128 3179 293 3263; x_wconf 87' lang='lat' dir='ltr'>Accipiunt</span> <span class='ocrx_word' id='word_1_209' title='bbox 307 3180 510 3263; x_wconf 86' lang='lat' dir='ltr'>redduntque,</span> <span class='ocrx_word' id='word_1_210' title='bbox 526 3181 576 3242; x_wconf 89' lang='lat' dir='ltr'>alii</span> <span class='ocrx_word' id='word_1_211' title='bbox 591 3179 750 3242; x_wconf 88' lang='lat' dir='ltr'>stridentia</span> <span class='ocrx_word' id='word_1_212' title='bbox 764 3181 906 3262; x_wconf 91' lang='lat' dir='ltr'>tinguunt</span> 
     </span>
     <span class='ocr_line' id='line_1_35' title="bbox 127 3264 903 3353; baseline 0.001 -26"><span class='ocrx_word' id='word_1_213' title='bbox 127 3265 213 3328; x_wconf 81' lang='lat' dir='ltr'>Aera</span> <span class='ocrx_word' id='word_1_214' title='bbox 228 3267 315 3341; x_wconf 82' lang='lat' dir='ltr'>lacu3</span> <span class='ocrx_word' id='word_1_215' title='bbox 339 3266 433 3347; x_wconf 91' lang='lat' dir='ltr'>gemit</span> <span class='ocrx_word' id='word_1_216' title='bbox 448 3266 591 3349; x_wconf 85' lang='lat' dir='ltr'>impositis</span> <span class='ocrx_word' id='word_1_217' title='bbox 606 3264 764 3353; x_wconf 85' lang='lat' dir='ltr'>incudibus</span> <span class='ocrx_word' id='word_1_218' title='bbox 778 3265 881 3328; x_wconf 88' lang='lat' dir='ltr'>Aetna</span> <span class='ocrx_word' id='word_1_219' title='bbox 895 3286 903 3342; x_wconf 92' lang='lat'>;</span> 
     </span>
     <span class='ocr_line' id='line_1_36' title="bbox 129 3349 785 3432; baseline 0.003 -20"><span class='ocrx_word' id='word_1_220' title='bbox 129 3351 178 3413; x_wconf 90' lang='lat' dir='ltr'>Illi</span> <span class='ocrx_word' id='word_1_221' title='bbox 193 3351 272 3414; x_wconf 91' lang='lat' dir='ltr'>inter</span> <span class='ocrx_word' id='word_1_222' title='bbox 287 3371 352 3412; x_wconf 89' lang='lat' dir='ltr'>sese</span> <span class='ocrx_word' id='word_1_223' title='bbox 368 3372 479 3432; x_wconf 87' lang='lat' dir='ltr'>magna</span> <span class='ocrx_word' id='word_1_224' title='bbox 494 3352 524 3414; x_wconf 93' lang='lat' dir='ltr'>vi</span> <span class='ocrx_word' id='word_1_225' title='bbox 538 3352 662 3413; x_wconf 89' lang='lat' dir='ltr'>brachia</span> <span class='ocrx_word' id='word_1_226' title='bbox 677 3349 785 3414; x_wconf 86' lang='lat' dir='ltr'>tollunt</span> 
     </span>
     <span class='ocr_line' id='line_1_37' title="bbox 129 3436 928 3520; baseline 0.005 -23"><span class='ocrx_word' id='word_1_227' title='bbox 129 3436 167 3498; x_wconf 93' lang='lat' dir='ltr'>In</span> <span class='ocrx_word' id='word_1_228' title='bbox 182 3458 350 3514; x_wconf 89' lang='lat' dir='ltr'>numerum,</span> <span class='ocrx_word' id='word_1_229' title='bbox 367 3443 547 3519; x_wconf 85' lang='lat' dir='ltr'>versantque</span> <span class='ocrx_word' id='word_1_230' title='bbox 563 3437 661 3499; x_wconf 88' lang='lat' dir='ltr'>tenaci</span> <span class='ocrx_word' id='word_1_231' title='bbox 676 3437 789 3520; x_wconf 88' lang='lat' dir='ltr'>forcipe</span> <span class='ocrx_word' id='word_1_232' title='bbox 804 3438 928 3501; x_wconf 90' lang='lat' dir='ltr'>ferrum.</span> 
     </span>
     <span class='ocr_line' id='line_1_38' title="bbox 128 3522 885 3605; baseline 0.001 -21"><span class='ocrx_word' id='word_1_233' title='bbox 128 3522 199 3584; x_wconf 89' lang='lat' dir='ltr'>Non</span> <span class='ocrx_word' id='word_1_234' title='bbox 214 3524 313 3601; x_wconf 88' lang='lat' dir='ltr'>aliter,</span> <span class='ocrx_word' id='word_1_235' title='bbox 329 3523 354 3584; x_wconf 90' lang='lat' dir='ltr'>si</span> <span class='ocrx_word' id='word_1_236' title='bbox 369 3543 464 3605; x_wconf 90' lang='lat' dir='ltr'>parva</span> <span class='ocrx_word' id='word_1_237' title='bbox 478 3524 550 3585; x_wconf 89' lang='lat' dir='ltr'>licet</span> <span class='ocrx_word' id='word_1_238' title='bbox 565 3544 742 3605; x_wconf 88' lang='lat' dir='ltr'>componere</span> <span class='ocrx_word' id='word_1_239' title='bbox 757 3523 885 3604; x_wconf 83' lang='lat' dir='ltr'>magnis,</span> 
     </span>
     <span class='ocr_line' id='line_1_39' title="bbox 128 3605 866 3691; baseline 0.001 -23"><span class='ocrx_word' id='word_1_240' title='bbox 128 3605 288 3691; x_wconf 81' lang='lat' dir='ltr'>Cecropias</span> <span class='ocrx_word' id='word_1_241' title='bbox 303 3609 423 3685; x_wconf 87' lang='lat' dir='ltr'>innatus</span> <span class='ocrx_word' id='word_1_242' title='bbox 439 3630 510 3690; x_wconf 88' lang='lat' dir='ltr'>apes</span> <span class='ocrx_word' id='word_1_243' title='bbox 525 3630 607 3670; x_wconf 90' lang='lat' dir='ltr'>amor</span> <span class='ocrx_word' id='word_1_244' title='bbox 621 3615 711 3690; x_wconf 92' lang='lat' dir='ltr'>urget</span> <span class='ocrx_word' id='word_1_245' title='bbox 726 3609 866 3688; x_wconf 90' lang='lat' dir='ltr'>habendi,</span> 
     </span>
     <span class='ocr_line' id='line_1_40' title="bbox 95 3691 975 3777; baseline 0.006 -23"><span class='ocrx_word' id='word_1_246' title='bbox 95 3712 103 3736; x_wconf 74' lang='lat'>²</span> <span class='ocrx_word' id='word_1_247' title='bbox 126 3691 254 3756; x_wconf 89' lang='lat' dir='ltr'>Munere</span> <span class='ocrx_word' id='word_1_248' title='bbox 271 3715 420 3777; x_wconf 90' lang='lat' dir='ltr'>quamquo</span> <span class='ocrx_word' id='word_1_249' title='bbox 436 3716 499 3757; x_wconf 84' lang='lat' dir='ltr'>suc.</span> <span class='ocrx_word' id='word_1_250' title='bbox 547 3694 735 3758; x_wconf 85' lang='lat' dir='ltr'>Grandaevis</span> <span class='ocrx_word' id='word_1_251' title='bbox 748 3695 857 3777; x_wconf 86' lang='lat' dir='ltr'>oppida</span> <span class='ocrx_word' id='word_1_252' title='bbox 872 3715 975 3776; x_wconf 86' lang='lat' dir='ltr'>curae,</span> 
     </span>
     <span class='ocr_line' id='line_1_41' title="bbox 125 3777 831 3863; baseline 0.003 -22"><span class='ocrx_word' id='word_1_253' title='bbox 125 3777 168 3841; x_wconf 87' lang='lat' dir='ltr'>Et</span> <span class='ocrx_word' id='word_1_254' title='bbox 182 3780 297 3842; x_wconf 88' lang='lat' dir='ltr'>munire</span> <span class='ocrx_word' id='word_1_255' title='bbox 312 3780 406 3861; x_wconf 86' lang='lat' dir='ltr'>favos,</span> <span class='ocrx_word' id='word_1_256' title='bbox 422 3788 454 3843; x_wconf 89' lang='lat' dir='ltr'>et</span> <span class='ocrx_word' id='word_1_257' title='bbox 468 3781 595 3844; x_wconf 88' lang='lat' dir='ltr'>daedala</span> <span class='ocrx_word' id='word_1_258' title='bbox 609 3781 724 3863; x_wconf 89' lang='lat' dir='ltr'>fingere</span> <span class='ocrx_word' id='word_1_259' title='bbox 740 3787 831 3844; x_wconf 89' lang='lat' dir='ltr'>tecta.</span> 
     </span>
    </p>
   </div>
   <div class='ocr_carea' id='block_1_3' title="bbox 0 0 1252 4334">
    <p class='ocr_par' dir='ltr' id='par_1_3' title="bbox 0 0 1252 4334">
     <span class='ocr_line' id='line_1_42' title="bbox 0 0 1252 4334; baseline 0 1"><span class='ocrx_word' id='word_1_260' title='bbox 0 0 1252 4334; x_wconf 95' lang='lat' dir='ltr'> </span> 
     </span>
    </p>
   </div>
  </div>
 </body>
</html>
