2496 4334
424 303 584 350 antemos
609 305 673 351 LIB.
701 305 747 352 IV.

67 454 199 518 Solando
214 454 307 538 cupit,
323 462 355 518 et
369 455 456 520 dictis
472 464 608 520 avertere
630 479 729 537 curas,

65 540 167 603 Multa
182 561 315 622 gemens,
330 562 497 624 magnoque
513 544 643 604 animum
657 544 822 607 labefactus
837 565 948 624 amore,

66 626 87 688 J
88 646 160 688 ussa
174 632 276 688 tamen
290 625 392 688 divum
407 628 589 709 exsequitur,
613 630 796 711 classemque
812 631 923 693 revisit.

67 712 144 773 Tum
159 731 231 773 vero
246 711 356 773 Teucri
369 712 554 791 incumbunt,
571 719 602 774 et
614 714 701 775 litore
717 716 811 776 celsas

67 795 235 858 Deducunt
249 802 310 858 toto
324 817 426 859 naves.
472 797 569 860 Natat
583 805 675 860 uncta
690 799 791 860 carina
804 820 812 875 ;

67 880 314 963 Frondentesque
329 881 430 944 ferrmt
444 904 540 945 remos
556 889 588 944 et
602 883 707 947 robora
722 884 801 946 silvis

67 965 262 1044 Infabricata,
277 966 367 1047 fugae
383 968 490 1029 studio.

66 1051 237 1134 Migrantes
252 1071 368 1128 cernas,
383 1059 505 1134 totaque
521 1074 558 1115 ex
572 1053 646 1116 urbe
667 1059 788 1116 ruentes
802 1073 810 1129 ;

66 1135 115 1200 Ac
131 1138 216 1199 velut
228 1135 380 1217 ingentem
394 1138 534 1200 formicae
549 1139 636 1201 farris
652 1160 793 1201 acervum

68 1221 168 1293 Quum
183 1222 336 1303 populant,
350 1223 454 1285 hiemis
468 1244 624 1300 memores,
640 1231 779 1306 tectoque
795 1227 962 1305 reponunt:

65 1306 97 1368 It
111 1307 231 1389 nigrum
247 1307 357 1389 campis
372 1329 490 1390 agmen,
506 1309 707 1391 praedamque
723 1330 777 1391 per
790 1309 898 1370 herbas

66 1391 254 1455 Conveetant
268 1394 343 1455 ealle
359 1400 507 1475 angusto3
530 1414 599 1475 pars
615 1395 741 1476 grandia
755 1394 881 1456 trudunt

67 1475 203 1540 Obnixae
218 1477 367 1540 frumenta
381 1479 511 1540 humeris
525 1498 533 1553 ;
556 1500 625 1561 pars
640 1481 759 1561 agmina
774 1483 895 1561 cogunt,

67 1562 283 1645 (instigantque
298 1584 394 1625 moras
408 1584 416 1639 ;
439 1585 528 1646 opere
544 1566 636 1627 omnis
652 1566 757 1627 semita
771 1565 879 1626 fervet.

66 1646 140 1720 Quis
155 1647 208 1710 tibi
223 1653 306 1726 tuno,
320 1648 410 1727 Dido,
426 1649 560 1710 cernenti
575 1651 646 1712 talia
660 1649 790 1712 sensus?

65 1731 185 1804 Quosve
200 1733 292 1796 dabas
306 1734 445 1816 gemitus,
461 1756 552 1816 quum
566 1735 654 1797 litora
668 1736 784 1797 fervere
799 1736 861 1796 late

64 1817 256 1900 Prospiceres
272 1839 341 1881 arce
357 1840 395 1880 ex
408 1840 533 1897 summa,
551 1826 705 1902 totumque
721 1820 839 1882 videres

64 1902 189 1965 Misceri
204 1910 273 1965 ante
288 1906 388 1967 oculos
403 1905 493 1966 tantis
509 1906 686 1967 clamoribus
701 1904 832 1988 aequor!

64 1987 204 2070 Improbe
220 2009 311 2066 amor,
327 1989 399 2071 quid
414 2011 473 2051 non
486 1991 622 2053 mortalia
633 1997 756 2073 pectora
770 1991 851 2072 cogis
865 1989 872 2052 l

63 2072 115 2134 Ire
130 2073 239 2134 iterum
253 2074 284 2135 in
297 2075 456 2157 lacrymaS,
485 2075 593 2136 iterum
612 2082 729 2137 tentare
745 2074 894 2158 precando

65 2156 201 2239 Cogitur,
217 2165 248 2220 et
261 2161 387 2242 supplex
402 2160 514 2221 animos
529 2161 702 2223 submittere
718 2161 820 2239 amori,

62 2241 96 2305 N
97 2264 113 2305 e
130 2243 201 2325 quid
214 2244 403 2327 inexpertum
416 2245 528 2306 fnrstra
541 2247 685 2308 moritura
699 2246 859 2331 relinquat²

105 2328 208 2407 Anna,
223 2329 307 2392 vides
322 2337 383 2392 toto
398 2332 550 2413 properari
564 2330 676 2393 litore?
721 2331 841 2393 Circum

62 2412 204 2495 Undique
220 2436 385 2477 convenere
400 2436 407 2490 ;
430 2422 518 2477 vocat
528 2417 591 2498 jam
607 2417 747 2478 carbasus
763 2436 862 2494 auras,

62 2498 217 2581 Puppibus
233 2507 263 2561 et
278 2501 348 2562 laeti
362 2508 472 2562 nautae
490 2501 656 2583 imposuere
673 2522 805 2564 coronas.

62 2584 154 2645 Hunc
171 2606 226 2666 ego
242 2586 266 2646 si
281 2586 363 2668 potui
379 2594 494 2647 tantum
509 2607 629 2668 sperare
645 2587 786 2664 dolorem,

62 2669 104 2731 Et
119 2671 264 2752 perferre,
280 2692 373 2748 soror,
388 2678 501 2753 potere.
547 2672 678 2733 Miserae
693 2672 749 2733 hoc
765 2680 865 2733 tamen
880 2692 973 2732 unum

62 2756 248 2837 Exsequere,
265 2755 367 2834 Anna,
383 2756 454 2817 mihi
467 2777 475 2831 ;
498 2757 590 2818 solam
605 2779 674 2818 nam
689 2757 821 2839 perfidus
842 2757 892 2818 ille

61 2840 104 2902 Te
121 2842 229 2918 colere,
245 2862 368 2903 arcanos
384 2842 474 2903 etiam
489 2842 542 2902 tibi
557 2843 681 2904 eredere
697 2863 821 2917 sensus3

62 2923 133 2987 Sola
147 2926 203 2987 viri
217 2927 319 2988 molles
334 2927 432 2988 aditus
448 2933 479 2987 et
494 2933 627 3009 tempora
642 2948 740 2989 noras.

60 3011 89 3086 I,
104 3032 196 3088 soror,
212 3017 302 3092 atque
317 3013 433 3073 hostem
448 3012 572 3093 supplex
588 3013 678 3073 affare
694 3012 872 3094 superbum:

60 3096 131 3159 Non
145 3117 201 3177 ego
216 3117 283 3158 curn
298 3096 411 3158 Danais
428 3097 585 3178 Trojanam
601 3097 774 3158 exscindere
796 3102 917 3177 gentem

59 3181 172 3242 Aulide
183 3182 296 3263 juravi,
312 3183 474 3244 classemve
491 3182 529 3242 ad
545 3183 694 3263 Pergama
708 3182 793 3256 misi;

60 3267 127 3328 Nee
139 3266 232 3348 patris
246 3266 398 3329 Anchisae
415 3268 544 3328 cinerem
558 3288 697 3328 manesre
714 3267 835 3329 revelli:

60 3352 123 3413 Cur
136 3372 204 3413 mea
219 3351 299 3413 dicta
313 3359 405 3433 negat
420 3351 509 3414 dures
520 3353 681 3435 demittere
696 3353 727 3414 in
749 3350 858 3415 aures?

60 3437 125 3509 Quo
141 3437 200 3497 ruit
216 3435 227 3496 l
273 3437 449 3499 Extremum
463 3437 518 3499 hoe
533 3438 659 3499 miserae
676 3438 728 3499 det
742 3459 849 3499 munus
865 3435 996 3499 amanti:

59 3523 224 3604 Exspectet
238 3521 415 3605 facilemque
431 3522 535 3603 fugam
549 3530 712 3604 ventosque
728 3523 869 3584 ferentes.

58 3608 129 3669 Non
135 3609 200 3690 jam
215 3609 384 3690 conjugium
400 3608 565 3688 antiquum,
582 3608 661 3690 quod
676 3608 815 3689 prodidit,
832 3627 894 3683 oro,

57 3693 89 3752 N
91 3714 124 3754 ec
141 3693 265 3775 pulchro
280 3700 314 3753 ut
329 3693 415 3754 Latio
431 3699 543 3771 careat,
559 3714 743 3774 regnumque
759 3693 930 3773 relinquat;

57 3778 187 3860 Tempus
203 3777 291 3839 inane
307 3786 387 3861 peto,
403 3778 536 3890 requiem
552 3779 738 3860 spatiumque
754 3776 858 3855 furori,
