2496 4334
136 297 198 361 226
473 315 502 360 Ρ.
526 314 667 362 vxacrmr
686 315 833 360 umoris

135 467 177 530 Et
191 468 266 531 vitta
278 428 499 531 tddtohiolnt
512 469 710 552 praetendere
725 489 834 546 ramos,
1051 549 1055 557 .

134 553 167 614 N
168 574 206 615 on
221 554 358 635 equidem
374 554 506 632 extimui,
523 555 661 617 Danaum
677 554 756 636 quod
771 554 878 616 ductor
893 560 925 616 et
938 553 1049 634 Arcas,

136 637 281 721 Quodque
297 639 334 700 ab
350 639 441 721 stirpe
458 639 536 702 fores
551 640 675 721 geminis
690 641 867 723 conjunctus
882 638 998 702 Atridis
1011 661 1020 718 3

137 721 200 785 sed
220 744 288 785 mea
307 745 355 785 mc
370 724 465 789 virtus
481 733 512 786 et
526 731 630 786 sancta
644 726 765 787 oracula
780 725 893 804 divum,

137 807 323 890 Cognatiquc
343 815 457 891 patres,
470 812 524 872 tua
538 810 626 872 terris
641 809 735 871 didita
749 810 840 888 fama,

137 892 324 977 Conjunxere
340 894 404 972 tibi,
420 901 452 956 et
465 894 534 957 fatis
553 916 642 976 egere
657 895 816 958 volentem.

135 978 306 1057 Dardanus,
321 978 433 1041 Iliacae
456 979 569 1062 primus
584 985 671 1062 pater
685 980 766 1041 urbis
782 986 813 1041 et
827 985 942 1059 auctor,

136 1064 269 1142 Electra,
284 1069 319 1125 ut
335 1063 419 1127 Graii
433 1065 600 1147 perhibent,
616 1064 773 1127 Atlantide
789 1071 900 1144 cretus,

134 1148 306 1211 Advehitur
322 1149 453 1212 Teucros
466 1170 474 1225 ;
498 1150 650 1212 Electram
664 1150 808 1211 maximus
824 1149 913 1213 Atlas

130 1233 249 1311 Edidit,
265 1235 412 1297 aetherios
427 1235 550 1296 humero
565 1235 616 1316 qui
631 1236 758 1298 sustinet
772 1234 868 1297 orbes.

135 1318 229 1381 Vobis
244 1319 413 1382 Mercurius
428 1327 514 1401 pater
529 1325 586 1398 est,
602 1341 691 1403 quem
706 1319 833 1382 candida
846 1319 931 1382 Maia

136 1403 278 1488 Cyllenae
294 1405 392 1487 gelido
408 1411 584 1488 conceptum
597 1406 710 1467 vertice
727 1405 805 1466 ludit
817 1399 899 1484 Agar

134 1488 179 1551 At
194 1489 317 1567 Maiam,
334 1489 442 1552 auditis
457 1491 483 1552 si
497 1490 660 1573 quidquam
675 1490 833 1567 credimus,
848 1489 949 1570 Atlas,

134 1574 222 1636 Idem
236 1575 325 1636 Atlas
340 1580 476 1657 generat,
492 1576 567 1637 coeli
581 1576 633 1658 qui
648 1574 746 1638 sidera
760 1576 847 1638 tollit.

137 1657 187 1721 Sic
203 1680 301 1767 g‘fflffi
312 1660 463 1721 amborum
478 1660 587 1722 scindit
601 1681 633 1722 se
649 1660 791 1742 sanguine
807 1660 845 1722 ab
859 1682 929 1724 uno.
1022 1663 1023 1666 ’

134 1745 192 1806 His
206 1714 500 1826 fretushtdlegaas
515 1766 613 1828 neque
628 1745 723 1828 prima
736 1766 792 1828 per
805 1751 901 1808 artem

135 1829 334 1892 Tentamenta
348 1830 393 1892 tui
407 1830 526 1913 pepigi3
548 1851 608 1909 me,
622 1851 670 1892 mc
685 1831 759 1913 ipse,
774 1851 933 1914 meumque

135 1913 242 1998 Objeoi
256 1920 356 1997 caput,
372 1921 403 1976 et
418 1916 543 1997 supplex
557 1915 596 1977 ad
610 1916 711 1978 limina
726 1916 804 1977 veni.

135 1998 218 2064 Gens
233 2000 349 2079 eadem,
365 2021 441 2082 qnae
457 2006 498 2079 tq
514 2000 629 2063 crudeli
642 2000 672 2062 D
692 2001 743 2062 uni
769 2001 853 2102 paup

133 2084 307 2169 Insequitur
321 2106 329 2162 ;
351 2105 404 2148 nos
419 2086 444 2148 si
458 2086 581 2168 pellant,
596 2021 769 2148 nihilaallolb
780 2086 918 2166 credunt,

134 2170 214 2243 Quin
229 2192 346 2233 omnem
361 2171 541 2253 Hesperiam
556 2171 674 2253 penitus
690 2191 744 2233 sua
759 2171 900 2255 subjuga
914 2171 1044 2250 mittant,

135 2255 176 2316 Et
190 2276 283 2334 mare,
296 2256 375 2338 quod
390 2276 491 2337 supra,
507 2261 640 2334 teneant,
656 2256 794 2338 quodque
809 2257 894 2318 alluit
907 2257 996 2318 infra.

133 2340 261 2422 Accipe,
277 2341 374 2423 daque
389 2340 488 2402 fidem.
537 2339 614 2403 Sunt
687 2341 693 2352 '
756 2341 814 2403 rtia
826 2342 903 2404 bello

134 2425 274 2503 Pectora,
289 2433 358 2488 sunt
373 2426 462 2488 animi
478 2432 509 2488 et
523 2427 612 2488 rebus
628 2341 763 2508 &ilidii
778 2427 932 2509 juventus.

176 2511 303 2573 Dixerat
317 2511 449 2574 Aeneas.
494 2511 551 2573 Ille
567 2532 599 2573 os
615 2512 774 2592 oculosque
790 2512 898 2592 loquen

133 2596 204 2658 Jam
220 2597 333 2658 dudum
348 2604 379 2659 et
393 2603 488 2658 totum
502 2597 649 2659 lustrabat
662 2596 772 2657 lumine
789 2617 915 2678 corpus;

134 2682 211 2743 Tum
225 2682 267 2744 sic
282 2703 380 2764 pauca
394 2682 508 2744 refert:
539 2681 586 2744 Ut
600 2687 643 2760 te,
658 2681 816 2743 fortissime
832 2680 992 2762 Teucrum,

133 2766 259 2848 Accipio
275 2788 461 2848 agnoscoque
476 2765 590 2830 libens!
614 2772 649 2828 ut
664 2767 755 2828 verba
770 2767 899 2849 parentis

133 2850 176 2913 Et
190 2872 293 2914 vocem
307 2851 459 2913 Anchisae
474 2852 575 2932 magni
597 2853 770 2933 vultumque
793 2850 953 2915 recordor!

98 2942 101 2947 ’
133 2935 215 2998 Nam
228 2937 348 2998 memini
363 2937 514 2998 Hesionae
530 2937 674 2998 visentem
688 2956 783 3017 regna
797 2937 904 2998 sororis

133 3021 406 3084 Laomedontiaden
422 3022 586 3100 Priamum,
603 3021 753 3084 Salamina
767 3027 931 3103 petentem,

132 3107 281 3169 Protenus
303 3107 454 3169 Arcadiae
470 3108 582 3188 gelidos
597 3107 725 3168 invisere
740 3106 825 3167 fines.

132 3192 209 3253 Tum
224 3191 296 3253 mihi
310 3193 405 3275 prima
419 3213 511 3274 genas
526 3192 653 3254 vestibat
667 3192 739 3252 flore
749 3191 887 3274 juventa,

132 3276 325 3359 Mirabarque
342 3277 433 3338 duces
449 3277 590 3354 Teucros,
605 3277 735 3338 mirabar
750 3282 781 3337 et
795 3276 893 3357 ipsum

132 3360 405 3424 Laomedontiaden
419 3381 427 3436 ;
450 3361 504 3423 sed
519 3362 634 3423 cunctis
649 3362 735 3424 altior
749 3361 811 3422 ibat

131 3447 290 3511 Anchises.
335 3445 412 3507 Mihi
425 3467 509 3508 mens
520 3447 655 3528 juvenah
668 3447 793 3508 ardebat
811 3466 911 3507 amore

134 3532 319 3616 Compellare
335 3532 442 3609 virum,
458 3538 489 3593 et
504 3532 627 3594 dextrae
646 3533 827 3614 conjungere
850 3529 996 3592 dextram.

132 3618 270 3696 Accessi,
285 3624 316 3679 et
331 3616 455 3700 cupidus
470 3617 583 3681 Phenei
599 3616 653 3678 sub
668 3617 784 3677 moenia
799 3615 880 3676 duxi.

133 3703 190 3765 Ille
204 3704 277 3765 mihi
290 3703 437 3783 insignem
452 3703 621 3785 pharetram
643 3701 812 3783 Lyciasque
831 3700 955 3781 sagittas

132 3787 299 3852 Discedens
317 3788 563 3872 chlamydemque
579 3807 652 3849 auro
667 3785 751 3847 dedit
764 3786 968 3863 intertextam,
