2496 4334
447 284 608 332 AENEIDOS
630 286 696 333 ΗΒ.
719 286 767 332 XI.

100 438 183 521 Ergo
198 438 354 502 concilium
368 458 510 520 magnum
524 439 693 522 primosque
708 461 830 503 suorum

99 523 230 605 Imperio
245 524 355 586 accitos
370 525 431 585 alta
446 523 525 585 intra
539 523 640 585 limina
656 525 757 606 cogit.¹

101 607 161 670 Olli
176 629 353 685 convenere,
367 609 522 691 fluuntque
538 608 576 670 ad
591 608 674 690 regia
688 609 783 692 plenis

99 693 194 754 Tecta
208 693 273 755 viis.
320 691 415 755 Sedet
429 693 459 754 in
475 693 579 754 mediis
593 699 625 756 et
638 694 783 756 maximus
798 713 872 756 aevo

100 777 142 839 Et
157 777 269 860 primus
282 778 418 859 sceptris,
432 777 514 839 haud
528 778 608 840 laeta
622 778 730 856 fronte,
746 778 881 841 Latinus.

98 861 203 943 Atque
217 862 266 924 hic
280 863 396 943 legatos
410 861 521 924 Aetola
536 883 573 924 ex
587 863 661 924 urbe
677 863 825 941 remissos,

100 945 185 1018 Quae
200 947 343 1024 referant,
358 946 415 1008 fari
424 947 523 1030 jubet,
539 953 571 1008 et
585 968 726 1029 responsa
741 946 871 1028 reposcit

100 1030 213 1093 Ordine
230 1042 339 1093 cuncta
353 1051 416 1092 suo.
461 1030 537 1092 Tum
551 1031 633 1093 facta
647 1031 764 1093 silentia
777 1031 899 1113 linguis,

99 1114 142 1177 Et
156 1115 293 1179 Venulus
308 1112 387 1177 dicto
402 1136 510 1196 parens
524 1115 567 1177 ita
581 1116 673 1177 farier
686 1116 771 1177 infit:

99 1199 248 1278 Vidimus,
264 1221 281 1262 o
297 1200 386 1278 cives,
403 1200 578 1262 Diomedem
591 1200 768 1282 Argivaque
785 1205 895 1278 castra,

98 1284 203 1366 Atque
217 1284 276 1347 iter
291 1285 402 1347 emensi
417 1305 503 1347 casus
519 1286 723 1366 superavimus
738 1305 850 1362 omnes,

100 1367 343 1452 Contigimusque
357 1391 488 1448 manum,
504 1390 563 1451 qua
578 1369 707 1431 concidit
721 1369 778 1430 Ilia
793 1370 892 1431 tellus.

98 1453 156 1515 Ille
171 1454 276 1515 urbem
289 1453 484 1536 Argyripam,
496 1453 610 1536 patriae
626 1453 800 1535 cognomine
816 1453 925 1536 gentis,

88 1537 207 1603 .Victor
222 1537 357 1619 Gargani
372 1538 518 1600 condebat
532 1538 655 1622 Iapygis
671 1538 760 1600 arvis.

99 1621 263 1705 Postquam
277 1623 451 1704 introgressi
466 1629 497 1684 et
512 1643 611 1685 coram
627 1623 698 1685 data
713 1623 797 1705 copia
811 1621 906 1700 fandi,

99 1706 229 1769 Munera
243 1707 449 1789 praeferimus,
464 1728 573 1770 nomen
586 1708 772 1790 patriamque
788 1706 940 1784 docemus,

100 1790 160 1864 Qui
173 1793 282 1854 bellum
297 1792 463 1870 intulerint,
478 1813 555 1874 quae
571 1813 677 1854 caussa
692 1792 849 1854 attraxerit
862 1791 975 1874 Arpos.

98 1875 221 1939 Auditis
235 1875 286 1938 ille
300 1877 375 1939 haec
390 1877 506 1959 placido
521 1877 564 1940 sic
579 1877 712 1939 reddidit
726 1897 776 1939 orc
790 1899 798 1940 :

101 1959 128 2022 0
143 1961 312 2024 fortunatae
328 1968 445 2042 gentes,
459 1959 601 2024 Saturnia
615 1983 710 2043 regna

99 2045 228 2128 Antiqui
241 2045 379 2123 Ausonii,
393 2067 470 2128 quae
485 2067 537 2108 vos
551 2045 672 2108 fortuna
686 2045 803 2128 quietos

101 2129 258 2208 Sollicitat,
273 2130 439 2212 suadetque
454 2131 556 2212 ignota
568 2128 718 2193 lacessere
732 2127 837 2191 bella?

100 2213 287 2297 Quicumque
302 2215 410 2277 Iliacos
425 2215 504 2277 ferro
519 2215 692 2278 violavimus
708 2236 795 2297 agros
808 2247 853 2258 -

100 2298 190 2362 Mitto
206 2319 253 2377 ea,
265 2321 342 2381 quae
358 2301 449 2362 muris
463 2300 602 2362 bellando
617 2300 762 2362 exhausta
776 2300 831 2362 sub
843 2295 922 2373 altis,

101 2383 182 2456 Quos
199 2382 304 2447 Simois
318 2391 435 2467 premat
449 2385 498 2447 ille
513 2385 591 2447 viros
607 2419 647 2431 -
659 2384 781 2446 infanda
795 2404 850 2465 per
864 2380 967 2443 orbem

103 2466 254 2551 Supplicia
268 2476 300 2531 et
314 2470 461 2531 scelerum
475 2489 585 2552 poenas
602 2469 795 2553 expendimus
810 2484 923 2542 omnes,

101 2551 162 2615 Vel
177 2553 295 2616 Priamo
310 2553 479 2616 miseranda
492 2575 597 2617 manus
611 2574 619 2630 ;
642 2554 699 2617 scit
714 2553 798 2615 triste
813 2551 971 2614 Minervae

103 2635 204 2716 Sidus,
216 2645 248 2700 et
268 2638 419 2701 Euboicae
434 2645 538 2702 cautes
552 2640 690 2721 ultorque
706 2637 890 2721 Caphereus.

101 2721 211 2785 Militia
225 2743 262 2785 ex
276 2724 327 2785 illa
342 2723 492 2786 diversum
507 2723 545 2786 ad
559 2725 630 2786 litus
645 2722 754 2801 abacti,

101 2806 226 2869 Atrides
241 2807 344 2878 Protei
358 2807 516 2870 Menelaus
531 2808 664 2891 adusque
680 2810 831 2870 columnas

102 2891 239 2970 Exsulat,
254 2892 408 2955 Aetnaeos
423 2893 498 2956 vidit
514 2891 660 2976 Cyclopas
675 2893 791 2956 Ulixes.

101 2976 210 3058 Regna
224 2976 414 3059 Neoptolemi
428 2977 568 3056 referam,
580 2998 740 3060 versosque
756 2979 881 3059 penates

102 3061 266 3139 Idomenei,
282 3060 433 3145 Libycone
448 3062 617 3124 habitantes
628 3062 714 3124 litore
726 3056 863 3122 Locros?

102 3144 173 3227 Ipse
188 3144 374 3228 Mycenaeus
389 3167 564 3228 magnorum
579 3147 685 3209 ductor
698 3145 852 3208 Achivum

103 3228 246 3312 Conjugis
260 3230 399 3292 infandae
415 3232 512 3312 prima
525 3231 604 3293 intra
617 3231 719 3293 limina
734 3230 840 3292 dextra

104 3312 260 3396 Oppetiit3
284 3315 431 3378 devictam
446 3315 552 3377 Asiam
567 3316 701 3378 subsedit
716 3315 845 3378 adulter.

102 3399 249 3460 Invidisse
266 3399 348 3477 deOS,
363 3399 466 3482 patriis
481 3405 515 3462 ut
529 3400 663 3462 redditus
679 3400 739 3462 aris

103 3483 283 3566 ‚Conjugium
297 3490 432 3566 optatum
446 3490 477 3546 et
491 3485 647 3566 pulchram
663 3484 818 3567 Calydona
832 3475 991 3544 viderem?

103 3567 194 3629 Nunc
210 3568 300 3629 etiam
313 3569 445 3630 horribili
459 3569 524 3631 visu
539 3576 679 3651 portenta
692 3572 870 3649 sequuntur,

103 3652 145 3714 Et
161 3652 232 3714 socii
244 3653 342 3715 amissi
356 3654 509 3736 petierunt
523 3655 647 3716 aethera
661 3653 777 3735 pennis,

101 3736 347 3821 Fluminibusque
362 3743 512 3822 vagantur
526 3759 598 3802 aves
612 3774 656 3784 -
670 3737 730 3800 heu
745 3736 810 3798 dira
823 3751 958 3796 meorum
