2496 4334
134 262 198 328 232
473 283 503 329 r.
527 282 669 329 vraemn
690 281 835 330 aaronis

176 435 247 499 Nox
261 435 322 498 ruit
337 441 369 498 et
382 435 473 498 fuscis
485 437 623 500 tellurem
645 436 915 519 amplectitur'alis.

131 521 179 584 At
193 521 300 585 Venus
314 521 395 584 haud
411 522 508 584 animo
522 523 725 604 nequidquam
741 529 792 584 ext
779 523 885 586 territa
898 528 1007 604 mater,

134 605 268 669 Laurent
255 613 378 688 tumque
400 607 487 669 minis
502 613 534 668 et
547 606 622 669 duro
636 614 718 671 mota
686 609 873 687 tat‚umultu

133 692 306 756 Vulcanum
321 692 481 790 alloquitur
484 693 696 775 ‚thalamoque
711 693 786 756 haec
802 695 938 778 conjugis
952 715 1044 760 aureo

134 777 246 860 Inoip't
222 784 257 857 rt,
273 777 388 840 etdict'
368 784 406 839 trs
421 739 553 840 diviirum
568 778 702 860 adspirat
723 799 872 842 amorem:

134 863 216 926 Dum
232 798 310 925 bello
324 862 462 944 Argolici
476 863 634 926 vastabant
621 862 806 945 tPergama
827 885 915 948 reges

133 948 227 1010 Debit
215 955 246 1010 ta
268 969 448 1030 casurasque
468 947 593 1011 inimicis
608 949 727 1031 ignibus
742 969 838 1028 arces,

133 1033 166 1096 N
167 1055 205 1096 on
219 1035 313 1095 ullum
328 1033 469 1096 auxilium
491 1033 616 1114 miseris,
632 1055 691 1096 non
707 1055 789 1097 arma
804 1035 909 1134 rogavi

133 1119 219 1182 Artis
235 1120 357 1202 opisque
373 1125 455 1198 tuae,
470 1140 526 1182 nec
542 1125 584 1198 te,
601 1120 750 1182 carissime
767 1121 886 1203 conjux,

133 1205 327 1268 Incassumve
344 1210 411 1267 tuos
426 1205 506 1266 volui
522 1225 663 1268 exercere
678 1205 794 1268 labores
808 1225 816 1282 3

134 1289 276 1364 Quamvis
292 1297 323 1353 et
338 1289 451 1352 Priami
466 1289 606 1352 deberem
620 1290 748 1373 plurima
769 1291 859 1370 natis,

134 1375 177 1438 Et
192 1373 304 1438 durum
314 1375 439 1438 Aeneae
453 1375 601 1437 flevissem
614 1396 704 1459 saepe
719 1376 862 1439 laborem.

132 1461 223 1525 Nunc
238 1461 261 1525 J
262 1461 324 1524 ovis
339 1460 470 1545 imperiis
486 1461 667 1523 Rutulorum
689 1462 820 1524 constitit
834 1461 914 1525 oris:

132 1547 216 1629 Ergo
231 1548 339 1610 eadem
360 1547 486 1693 supplex
501 1547 643 1626 veni0‚et
612 1552 744 1610 esanct
744 1569 795 1609 um
810 1547 883 1610 mihi
896 1568 1010 1610 numen

132 1632 297 1694 Armao
243 1654 276 1730 ro
277 1654 326 1715 go,
341 1638 433 1714 genet
433 1632 479 1693 rix
492 1637 573 1695 nato
620 1632 663 1694 Te
678 1633 741 1696 filia
754 1632 894 1713 Nerei,

132 1717 273 1800 respon
242 1717 503 1817 uitlacrymist
454 1717 503 1780 Tit
504 1718 593 1781 honia
606 1719 728 1781 flectere
744 1719 862 1817 conjux

132 1740 279 1886 Adspice,
294 1803 346 1886 qui
360 1805 468 1866 coeant
482 1803 593 1886 populi,
609 1824 686 1886 quae
700 1805 817 1866 moenia
832 1803 940 1867 clausis

132 1888 261 1951 Ferrum
275 1894 386 1987 acuant
400 1889 515 1988 portis
507 1911 539 1951 ιιι
552 1910 600 1952 me
610 1888 824 1972 excidiumque
845 1909 990 1951 meorum.

133 1973 321 2037 Dixeratet
249 1980 273 2054 ι,
289 1974 429 2037 etniveis
442 1974 511 2037 hinc
529 1980 620 2056 atque
634 1975 703 2038 hinc
719 1974 789 2037 diva
802 1974 923 2037 lacertis

134 2059 334 2124 Cunctantem
356 2061 495 2143 amplexu
508 2061 589 2123 molli
603 2061 694 2124 fovet.
739 2060 797 2122 Ille
812 2065 937 2142 repente

132 2145 263 2229 Accepit
278 2147 394 2209 solitam
409 2147 568 2225 flammam,
582 2151 731 2228 notusque
752 2146 898 2208 medullas

132 2232 264 2295 Intravit
287 2233 368 2294 calor
383 2237 414 2294 et
427 2232 577 2294 labefacta
592 2253 648 2314 per
662 2252 728 2294 ossa
743 2230 894 2294 cucurrit:

132 2318 204 2380 Non
218 2338 305 2380 secus
320 2324 411 2399 atque
426 2317 506 2396 olim,
522 2317 633 2380 tonitru
648 2337 741 2399 quum
754 2322 844 2399 rupta
859 2335 983 2380 corusco

132 2403 230 2486 Ignea
244 2403 320 2465 rima
333 2403 446 2465 micans
460 2403 609 2485 percurrit
622 2402 733 2464 lumine
746 2402 871 2465 nimbos.

135 2487 235 2552 Sensit
249 2490 311 2552 laet
298 2495 330 2551 ta
345 2488 465 2551 doliset
479 2489 591 2550 formae
612 2489 731 2551 conscia
752 2489 869 2571 conjux.

132 2574 277 2637 Tumt
225 2581 277 2658 pat
278 2596 311 2636 er
326 2580 449 2638 aeterno
463 2574 508 2636 fat
495 2580 545 2636 tur
559 2574 680 2636 devinct
667 2580 715 2636 tus
730 2594 851 2636 amore:

134 2659 214 2732 de
229 2681 349 2724 caussas
364 2659 442 2745 petis
464 2681 501 2722 ex
523 2658 609 2722 alto?
633 2659 744 2722 fiducia
765 2658 855 2722 cessit

133 2744 200 2817 Quo
215 2746 279 2825 tibi,
294 2746 374 2824 diva,
389 2743 470 2807 mei?
517 2743 664 2808 Similis
642 2765 667 2807 s1
683 2765 757 2807 cura
770 2744 889 2823 fuisset,

134 2831 211 2892 'lum
225 2852 342 2913 quoque
358 2793 404 2894 las
420 2829 503 2893 nobis
518 2830 650 2893 Teucros
665 2851 782 2893 armare
799 2830 924 2893 fuisset·

133 2915 269 2979 Nect
217 2922 269 3000 pat
270 2937 303 2978 er
318 2917 502 3000 omnipotens
520 2915 589 2999 TroJ’
591 2936 640 2978 am
653 2937 709 2978 neo
724 2916 789 2978 fata
802 2916 946 2978 vetabant

135 3000 235 3080 Stare,
249 3002 413 3084 decemque
430 3001 502 3064 alios
518 3000 672 3063 Priamum
686 3021 842 3084 superesse
858 3022 913 3083 per
925 3018 1028 3062 anuos.

132 3085 175 3150 Et
162 3095 281 3165 t,nunc
296 3087 322 3150 si
333 3088 446 3150 bellare
462 3107 551 3170 paras
566 3092 656 3170 atque
672 3088 747 3150 haec
763 3087 817 3149 tibi
831 3107 916 3149 mens
930 3091 989 3164 est,

133 3134 309 3255 Quidquid'
301 3195 333 3234 ιιι
348 3180 413 3235 arte
428 3194 496 3235 mea
511 3194 631 3255 possum
642 3173 816 3255 promittere
832 3193 935 3250 curae,

133 3256 221 3331 Quod
235 3258 301 3319 fieri
315 3258 395 3320 ferro
409 3258 558 3355 liquidove
575 3265 627 3341 pot
628 3265 673 3321 est
614 3259 766 3321 ttteleo
753 3265 811 3336 ιιο,

133 3340 285 3414 Quantum
299 3343 385 3425 ignes
400 3343 576 3440 animaeque
593 3345 705 3422 valent,
722 3344 831 3406 absiste
849 3341 1001 3425 precando

132 3427 256 3491 Viribus
270 3428 387 3490 indubit
375 3435 439 3490 tare
455 3427 525 3490 tuis.
570 3427 618 3491 Ea
632 3429 725 3492 verba
738 3430 820 3491 locut
807 3434 855 3492 tus
898 3485 902 3491 .

134 3513 260 3597 Optatos
275 3513 359 3578 dedit
346 3514 538 3597 tamplexus‚
554 3513 763 3597 placidumque
778 3521 830 3598 pet
830 3514 885 3577 ivit

133 3598 276 3683 Oonjugis
291 3600 407 3662 infusus
423 3599 536 3681 gremio
551 3621 606 3682 per
620 3600 754 3661 membra
769 3620 914 3682 soporem.

174 3685 252 3747 Inde
266 3686 318 3748 ubi
332 3685 428 3769 prima
443 3685 527 3766 quies
541 3684 640 3747 medio
649 3686 713 3768 jam
727 3685 823 3747 noctis
839 3687 965 3748 abactae

132 3769 289 3834 Curriculo
303 3771 460 3856 expulerat
474 3791 620 3850 somnum,
636 3790 729 3854 quum
743 3770 854 3834 femina
872 3771 1011 3855 primum,
