2496 4334
455 263 615 311 AENEIDOS
640 265 704 311 LIB.
732 265 794 312 ΧΠ.

97 415 182 479 Ante
196 416 255 480 levi
265 417 367 501 jaculo
382 418 504 500 longum
519 418 675 501 perinane
690 424 824 497 secutus,

99 500 187 565 Sistit
201 523 293 585 equos
307 503 424 587 bijuges
439 509 471 565 et
486 524 576 567 curru
591 504 701 583 desilit,
716 509 806 586 atque

100 584 272 649 Semianimi
286 589 428 671 lapsoque
443 589 627 671 supervenit,
642 595 684 668 et,
696 588 772 671 pede
788 589 862 651 collo

97 671 260 753 Impresso,
276 673 399 736 dextrae
410 694 583 736 mucronem
598 680 767 756 extorquet,
782 679 814 736 et
828 674 889 736 alto

97 755 279 838 Fulgentem
294 758 404 841 tinguit
413 759 531 842 jugulo,
547 765 638 841 atque
652 759 727 821 haec
742 759 864 840 insuper
878 757 982 821 addit:

99 841 160 919 En,
175 862 274 923 agros,
290 849 332 921 et,
347 865 437 925 quam
451 844 540 922 bello,
555 844 695 927 Trojane,
710 844 823 926 petisti,

98 925 280 1009 Hesperiam
301 929 407 991 metire
417 930 543 1012 jacens:
568 929 643 991 haec
659 928 802 1011 praemia,
818 927 870 1009 qui
883 948 932 991 me
1090 947 1136 996 360

97 1011 194 1074 Ferro
209 1012 274 1074 ausi
288 1019 417 1091 tentare,
431 1014 533 1076 fenmt
546 1033 554 1088 3
578 1013 620 1076 sic
635 1013 752 1075 moenia
767 1013 910 1074 condunt.

98 1095 181 1159 Huic
197 1098 334 1160 comitem
349 1098 490 1161 Asbuten
505 1099 641 1180 conjecta
658 1097 780 1180 cuspide
799 1097 902 1173 mittit,

100 1181 298 1265 Chloreaque,
315 1182 525 1267 Sybarimque,
543 1183 729 1264 Daretaque,
745 1181 1039 1265 Thersilochumque,

98 1265 142 1328 Et
156 1268 300 1330 sternacis
315 1269 385 1350 equi
398 1268 514 1350 lapsum
530 1268 646 1330 cervice
661 1267 858 1349 Thymoeten.

97 1351 147 1413 Ac
163 1353 247 1415 velut
261 1353 357 1415 Edoni
372 1353 489 1416 Boreae
505 1374 598 1435 quum
612 1353 732 1435 spiritus
747 1352 807 1414 alto
1090 1374 1136 1424 365

97 1436 223 1499 Insonat
237 1437 363 1519 Aegaeo
378 1439 572 1520 sequiturque
587 1438 627 1500 ad
640 1437 729 1500 litora
742 1437 862 1514 fluctus,

99 1519 167 1593 Qua
181 1522 263 1583 venti
276 1522 450 1602 incubuere,
465 1523 570 1604 fugam
585 1523 658 1585 dant
671 1522 773 1584 nubila
788 1524 890 1584 coelo:

101 1605 151 1668 Sic
168 1605 280 1685 Turno,
296 1628 484 1690 quacumque
499 1609 578 1670 dam
593 1614 687 1686 secat,
703 1607 823 1689 agmina
837 1607 950 1670 cedunt

101 1690 329 1774 Conversaeque
345 1699 437 1754 ruunt
453 1692 533 1755 acies
546 1713 554 1768 ;
576 1692 636 1755 fert
650 1692 779 1775 impetus
793 1693 901 1775 ipsum,

99 1776 142 1838 Et
157 1776 276 1853 cristam
290 1777 416 1840 adverso
431 1797 522 1839 curru
537 1777 634 1859 quatit
652 1797 726 1839 aura
743 1778 903 1840 volantem.

99 1861 132 1923 N
133 1883 171 1923 on
185 1861 254 1923 tulit
267 1861 428 1925 instantem
443 1863 583 1944 Phegeus
598 1861 762 1945 animisque
776 1863 954 1926 frementem
967 1879 976 1939 ;

101 1945 221 2030 Objeoit
235 1966 299 2009 sese
316 1947 354 2010 ad
370 1968 501 2024 currum,
516 1953 548 2010 et
562 1948 730 2029 spumantia
746 1947 838 2010 frenis

101 2031 164 2093 Ora
179 2031 337 2094 citatorum
352 2032 459 2094 dextra
473 2032 598 2095 detorsit
612 2053 766 2114 equorum.

99 2116 181 2178 Dum
195 2117 325 2179 trahitur
339 2116 511 2200 pendetque
521 2117 615 2200 jugis,
629 2117 709 2178 hunc
723 2117 786 2178 lata
800 2121 949 2178 retectum

99 2201 221 2263 Lancea
235 2203 438 2284 consequitur,
452 2202 622 2284 rumpitque
636 2202 727 2263 infixa
740 2201 858 2263 bilicem

99 2284 247 2365 Loricam,
263 2293 295 2349 et
308 2307 456 2349 summum
471 2288 612 2368 degustat
625 2287 748 2349 vulnere
761 2306 878 2368 corpus.

99 2370 156 2433 Ille
172 2377 272 2433 tamen
288 2372 393 2454 clypeo
407 2372 523 2454 objecto
539 2392 698 2434 conversus
714 2371 745 2432 in
759 2371 874 2433 hostem

100 2456 180 2535 Ibat,
196 2463 227 2519 et
241 2457 383 2519 auxilium
398 2457 488 2519 ducto
502 2477 643 2519 mucrone
658 2456 800 2538 petebat:

101 2540 178 2604 Cum
193 2547 259 2603 rota
273 2542 468 2624 praecipitem
483 2547 514 2603 et
528 2562 672 2622 procursu
687 2540 821 2603 concitus
836 2540 899 2604 axis

99 2625 225 2707 Impulit
239 2627 422 2709 effunditque
437 2627 510 2705 solo,
525 2626 702 2708 Turnusque
718 2631 839 2688 secutus

99 2710 196 2773 Imam
210 2711 289 2773 inter
303 2713 420 2792 galeam
434 2711 540 2773 summi
555 2711 684 2773 thoracis
705 2717 736 2772 et
750 2730 817 2773 oras

98 2794 236 2857 Abstulit
250 2816 321 2858 ense
337 2802 438 2879 caput,
453 2803 653 2878 truncumque
668 2795 788 2878 reliquit
803 2815 923 2856 arenae.

142 2880 247 2963 Atque
263 2901 300 2942 ea
314 2881 386 2942 dum
401 2881 513 2963 campis
528 2881 623 2943 victor
639 2881 691 2943 dat
701 2880 810 2942 funera
824 2879 954 2956 Tmnus,

99 2965 224 3027 Interea
237 2964 366 3028 Aenean
380 2964 557 3028 Mnestheus
574 2972 605 3027 et
618 2965 696 3027 fidus
710 2965 847 3027 Achates

98 3049 310 3132 Ascaniusque
326 3071 425 3113 comes
440 3051 545 3113 castris
560 3056 692 3112 statuere
709 3055 877 3127 cruentum,

98 3134 243 3196 Altemos
257 3137 347 3216 longa
361 3135 507 3197 nitentem
523 3134 646 3216 cuspide
662 3154 792 3216 gressus.

101 3218 215 3298 Saevit,
231 3225 263 3282 et
276 3220 406 3282 infracta
419 3221 552 3282 luctatur
568 3219 712 3282 anmdine
728 3220 821 3280 telum

99 3304 238 3386 Eripere,
254 3305 421 3388 auxilioque
437 3305 526 3383 viam,
543 3325 620 3386 quae
635 3304 779 3386 proxima,
794 3301 909 3386 poscit:

99 3390 181 3452 Ense
197 3396 301 3453 secent
314 3391 375 3453 lato
390 3391 509 3467 vulnus,
523 3389 636 3471 telique
651 3390 797 3451 latebram

98 3474 286 3537 Rescindant
299 3476 429 3557 penitus,
447 3494 572 3556 seseque
587 3474 618 3536 in
630 3474 709 3536 bella
723 3474 887 3536 remittant.

97 3558 120 3621 J
122 3580 229 3640 amque
246 3560 352 3622 aderat
366 3560 487 3622 Phoebo
503 3565 573 3620 ante
588 3559 661 3621 alios
676 3559 802 3621 dilectus
816 3556 899 3638 Iapis

97 3644 226 3723 Iasides,
241 3645 304 3706 acri
318 3645 467 3726 quondam
482 3645 531 3706 oui
546 3650 651 3725 captus
667 3663 765 3706 amore

97 3730 169 3812 Ipse
185 3749 254 3793 suas
269 3736 361 3810 artes,
373 3749 577 3877 sququnera,
592 3730 688 3791 laetus
703 3726 812 3810 Apollo
