2496 4334
110 256 173 319 186
437 275 466 319 r.
489 273 629 319 vmomn
654 273 799 319 marmus

108 424 222 488 Luctus
237 431 268 488 et
284 425 406 488 ultrices
420 446 545 509 posuere
562 424 670 488 cubilia
686 423 796 502 Curae,
924 474 927 479 .

108 509 317 593 Pallentesque
332 510 468 574 habitant
481 509 590 588 Morbi,
606 509 758 592 tristisque
776 507 935 590 Senectus,

107 593 149 655 Et
163 594 276 674 Metus,
293 599 325 656 et
338 594 513 658 malesuada
526 595 645 673 Fames,
661 613 696 656 ac
712 594 807 676 turpis
822 593 962 677 Egestas,

107 678 265 742 Terribiles
280 679 345 742 visu
359 680 483 758 formae,
498 679 665 761 Letumque
683 678 839 761 Labosque
854 700 861 754 ;

106 762 182 824 Tum
198 765 434 845 consanguineus
450 763 518 826 Leti
530 763 639 846 Sopor,
654 770 686 825 et
704 764 783 826 mala
799 765 907 827 mentis

107 845 235 928 Gaudia,
250 849 493 932 mortiferumque
511 849 635 911 adverso
649 848 681 910 in
695 849 794 910 limine
810 849 940 927 Bellum,

104 930 268 1016 Ferreique
284 934 483 996 Eumenidum
497 934 629 1012 thalami,
646 940 677 995 et
691 933 848 996 Discordia
863 934 996 1013 demens,

104 1016 269 1099 Vipereum
286 1018 398 1080 crinem
412 1018 493 1081 vittis
508 1018 617 1081 innexa
632 1019 772 1082 cruentis.

145 1101 183 1163 In
197 1103 294 1165 medio
308 1124 405 1165 ramos
419 1123 588 1185 annosaque
602 1103 724 1165 brachia
738 1102 843 1185 pandit

103 1185 210 1249 Ulmus
227 1208 329 1270 opaca,
344 1188 460 1269 ingens,
477 1208 566 1270 quam
581 1187 683 1249 sedem
699 1185 820 1249 Somnia
835 1188 925 1269 vulgo

102 1270 193 1334 Vana
207 1278 309 1334 tenere
324 1273 436 1352 ferunt,
451 1273 587 1354 foliisque
603 1271 658 1333 sub
673 1272 806 1334 omnibus
822 1272 959 1335 haerent.

101 1353 259 1438 Multaque
275 1364 431 1438 praeterea
445 1357 593 1420 variarum
607 1362 739 1419 monstra
752 1358 895 1436 ferarum,

103 1439 246 1502 Centauri
259 1441 290 1502 in
304 1442 415 1504 foribus
430 1441 591 1519 stabulant,
609 1439 788 1524 Scyllaeque
800 1441 951 1520 biformes,

101 1524 143 1586 Et
158 1526 413 1607 centumgeminus
428 1526 582 1603 Briareus,
598 1546 633 1588 ac
648 1526 747 1588 bellua
763 1525 880 1588 Lernae

101 1608 294 1672 Horrendum
309 1611 447 1689 stridens,
462 1610 644 1693 flammisque
663 1616 778 1673 armata
796 1609 966 1686 Chimaera,

102 1692 267 1775 Gorgones,
282 1694 508 1778 Harpyiaeque,
526 1701 557 1757 et
571 1695 666 1757 forma
680 1694 850 1777 tricorporis
864 1693 996 1757 umbrae.

101 1777 230 1861 Corripit
244 1779 291 1841 hic
307 1780 405 1842 subita
419 1780 553 1862 trepidus
567 1779 723 1842 formidine
737 1780 851 1841 ferrum

4 1935 7 1942 ¹
99 1862 231 1941 Aeneas,
247 1864 439 1946 strictamque
456 1864 550 1927 aciem
564 1864 750 1926 venientibus
765 1864 870 1941 offert3

99 1947 151 2026 Et,
166 1949 197 2009 ni
212 1948 299 2011 docta
314 1969 410 2011 eomes
425 1955 530 2011 tenues
545 1949 608 2011 sine
625 1969 747 2031 corpore
763 1949 840 2011 uitas

98 2031 268 2095 Admoneat
282 2033 405 2097 vohtare
421 2055 495 2096 cava
510 2034 564 2096 sub
578 2033 708 2115 imagine
723 2033 847 2113 formae,

98 2116 209 2196 Irruat,
226 2123 257 2180 et
270 2118 382 2181 frustra
395 2119 474 2181 ferro
489 2118 658 2181 diverberet
671 2117 802 2180 umbras.

140 2202 221 2264 Hinc
236 2203 295 2280 via,
310 2203 447 2265 Tartarei
461 2223 538 2285 quae
553 2203 614 2265 fert
627 2202 807 2265 Acherontis
822 2203 862 2265 ad
877 2202 984 2265 undas.

98 2286 246 2348 Turbidus
260 2288 308 2349 hic
325 2308 416 2349 coeno
430 2293 574 2368 vastaque
589 2287 729 2368 voragine
745 2308 857 2370 gurges

97 2370 238 2450 Aestuat,
254 2378 344 2453 atque
360 2393 476 2434 omnem
491 2371 604 2456 Cocyto
621 2378 739 2434 eructat
753 2393 884 2434 arenam.

97 2455 228 2518 Portitor
242 2456 296 2518 has
311 2457 476 2520 horrendus
491 2477 584 2539 aquas
600 2464 631 2518 et
644 2457 765 2518 flumina
779 2463 880 2519 servat

97 2540 233 2602 Terribili
248 2542 384 2623 squalore
402 2541 530 2620 Charon,
546 2541 595 2603 cui
608 2541 735 2623 plurima
748 2547 848 2603 mento

98 2623 229 2687 Canities
245 2626 357 2688 inculta
367 2627 451 2709 jacet
464 2646 472 2701 ;
495 2631 576 2688 stant
589 2626 703 2687 lumina
717 2625 857 2701 flamma3

99 2707 242 2772 Sordidus
257 2731 294 2771 ex
308 2711 438 2773 humeris
452 2711 530 2773 nodo
545 2709 694 2792 dependet
709 2710 844 2772 amictus.

96 2794 165 2875 Ipse
181 2800 276 2856 ratem
292 2800 377 2857 conto
393 2795 503 2876 subigit
517 2795 648 2875 velisque
663 2794 822 2873 ministrat,

97 2879 138 2939 Et
152 2879 323 2960 ferruginea
338 2880 495 2941 subvectat
510 2900 633 2961 corpora
649 2879 767 2961 cymba,

42 3017 44 3020 .
96 2963 118 3024 J
119 2984 167 3024 am
182 2964 290 3040 senior,
306 2964 360 3026 sed
376 2963 469 3026 cruda
483 2963 539 3024 deo
553 2963 713 3045 viridisque
730 2969 879 3024 senectus.

96 3047 167 3109 Huc
183 3048 276 3110 omnis
290 3049 378 3110 turba
392 3048 431 3110 ad
446 3048 525 3130 ripas
543 3049 637 3109 effusa
653 3048 770 3125 ruebat,

96 3131 212 3195 Matres
227 3139 317 3213 atque
333 3133 399 3212 viri,
415 3133 616 3213 defunctaque
632 3152 756 3213 corpora
770 3131 833 3192 vita

96 3215 322 3297 Magnanimum
336 3218 470 3296 heroum,
485 3218 570 3299 pueri
587 3218 788 3299 innuptaeque
807 3215 936 3296 puellae,

97 3300 289 3382 Impositique
304 3302 383 3383 rogis
393 3303 522 3384 juvenes
538 3307 607 3363 ante
623 3322 676 3363 ora
689 3305 867 3383 parentum:

97 3384 193 3458 Quam
208 3387 302 3447 multa
315 3386 347 3447 in
361 3386 441 3448 silvis
457 3386 608 3448 auctumni
622 3386 733 3466 frigore
748 3384 842 3466 primo

96 3471 196 3554 Lapsa
211 3469 323 3532 eadunt
336 3470 417 3548 foha,
432 3476 485 3532 aut
500 3470 538 3532 ad
554 3477 665 3532 terram
680 3470 799 3550 gurgite
816 3468 852 3530 ab
868 3467 927 3529 alto

97 3555 195 3626 Quam
209 3555 320 3616 multae
336 3556 538 3636 glomerantur
553 3576 634 3632 aves,
649 3555 700 3615 ubi
713 3553 840 3634 frigidus
855 3571 951 3613 annus

97 3639 191 3700 Trans
206 3645 329 3721 pontum
343 3641 431 3722 fugat
446 3647 476 3702 et
490 3641 578 3702 terris
593 3640 725 3700 immittit
740 3637 857 3719 apricis.

99 3721 226 3785 Stabant
239 3730 358 3788 orantes
373 3726 459 3808 primi
473 3725 673 3787 transmittere
689 3742 819 3799 cursum,
