2496 4334
103 253 167 318 282
446 271 475 315 r.
499 268 640 317 v1aom11
661 267 806 316 umerus
874 261 876 265 ’

106 421 251 502 (ledcbat,
267 423 432 506 clypeoque
446 421 598 484 inimicum
611 421 719 485 hastile
734 421 882 485 trahebat.

105 508 258 591 Proripuit
267 509 388 591 juvenis
403 528 528 589 seseque
543 507 702 570 immiscuit
717 508 817 585 armis,

104 593 235 675 Jamque
251 594 434 674 assurgentis
449 593 556 655 dextra
570 593 748 674 plagamque
763 592 887 655 ferentis

105 678 231 740 Aeneae
246 679 336 740 subiit
349 699 532 755 mucronem,
543 677 699 760 ipsumque
714 677 856 740 morando

107 761 266 825 Sustinuit.
313 762 393 826 Socii
407 784 516 844 magno
531 764 658 826 clamore
674 769 853 844 sequuntur,

105 847 187 909 Dum
202 848 320 930 genitor
333 849 396 911 nati
410 868 514 931 parma
528 854 680 929 protectus
696 848 802 926 abiret,
838 856 842 863 '

106 933 238 1015 Telaque
254 933 425 1017 conjiciunt,
440 933 676 1015 proturbantque
691 934 806 995 eminus
819 933 937 995 hostem

105 1018 279 1080 Missilibus.
323 1019 412 1080 Furit
425 1017 560 1097 Aeneas,
575 1023 733 1099 tectusque
749 1023 833 1080 tenet
847 1039 891 1083 sc.

104 1102 158 1165 Ac'
169 1105 262 1181 velut,
278 1103 372 1166 effusa
385 1104 411 1166 si
426 1103 545 1186 quando
560 1102 704 1184 grandine
720 1103 812 1165 nimbi

105 1187 321 1271 Praecipitant,
336 1189 430 1250 omnis
444 1188 555 1270 campis
571 1188 689 1270 diffugit
703 1194 814 1266 arator,

106 1270 210 1334 Omnis
226 1279 257 1334 et
269 1273 411 1354 agricola,
427 1280 458 1335 et
472 1279 539 1335 tuta
552 1273 628 1335 latet
642 1293 712 1337 arce
727 1273 824 1337 viator
868 1335 871 1339 .

103 1356 171 1419 Aut
185 1358 279 1420 amnis
294 1358 365 1440 ripis
382 1364 435 1420 aut
449 1358 503 1420 alti
517 1358 630 1421 fornice
645 1358 720 1436 saxi,

104 1442 185 1504 Dum
197 1443 272 1524 pluit
285 1442 317 1503 in
332 1443 431 1521 terris,
446 1448 482 1505 ut
496 1443 619 1525 possint,
635 1445 695 1506 sole
710 1442 848 1522 reducto,

104 1525 256 1589 Exercere
271 1526 369 1590 diem:
393 1527 435 1589 sic
451 1528 574 1591 obrutus
588 1527 721 1610 undique
738 1527 805 1590 telis

103 1610 226 1673 Aeneas
241 1613 350 1674 nubem
364 1613 446 1691 belli,
462 1612 532 1674 dum
548 1613 670 1675 detonet
683 1613 789 1690 omnis,

106 1693 251 1775 Sustinet,
267 1703 299 1758 et
313 1697 446 1760 Lausum
459 1697 630 1779 increpitat,
646 1696 806 1779 Lausoque
821 1696 952 1761 minatur
967 1719 975 1761 ι

104 1779 170 1852 Quo
184 1782 326 1845 moriture
341 1783 414 1858 ruis,
428 1782 600 1864 majoraque
616 1782 727 1845 viribus
744 1781 837 1847 audes
851 1780 864 1843 ‘l

61 1876 64 1882 '
103 1865 194 1927 Fallit
207 1872 238 1928 tc
253 1866 406 1929 incautum
420 1866 516 1948 pietas
530 1873 593 1929 tua.
639 1867 671 1929 N
673 1886 707 1929 ec
721 1867 819 1928 miuus
833 1865 884 1929 ille

103 1950 243 2013 Exsultat
257 1950 380 2014 demens
396 1971 405 2027 ;
428 1971 535 2015 saevae
545 1952 669 2035 jamque
685 1951 773 2015 altius
787 1951 850 2013 irae

102 2034 256 2099 Dardanio
271 2042 398 2118 surgunt
413 2036 540 2114 ductori,
553 2043 746 2119 extremaque
762 2036 861 2099 Lauso

103 2119 218 2185 Parcae
233 2122 285 2184 fila
298 2122 404 2203 legunt
419 2144 426 2183 :
451 2121 583 2184 validum
596 2142 725 2204 namque
741 2121 834 2203 exigit
848 2141 951 2183 ensem

102 2204 163 2267 Per
177 2206 309 2269 medium
322 2205 445 2268 Aeneas
454 2207 608 2289 juvenem,
625 2213 780 2288 totumque
795 2206 952 2282 recondit;

101 2288 231 2352 Transiit
247 2295 279 2352 et
293 2310 425 2372 parmam
439 2311 552 2369 mucro,
568 2291 646 2352 levia
661 2312 744 2353 arma
757 2290 892 2370 minacis,

101 2373 143 2435 Et
158 2375 300 2453 tunicam,
315 2376 396 2437 molli
409 2383 506 2438 mater
522 2397 613 2458 quam
627 2383 752 2438 neverat
767 2396 859 2451 auro;

100 2459 299 2542 Implevitque
315 2460 411 2522 sinum
427 2462 566 2542 sanguis3
588 2467 652 2549 tum
667 2462 729 2524 vita
743 2482 799 2542 per
812 2479 901 2522 auras

101 2543 256 2607 Concessit
270 2552 384 2607 maesta
399 2546 438 2607 ad
453 2546 571 2623 Manes,
584 2566 750 2628 corpusque
762 2546 893 2627 reliquit.

98 2628 143 2690 At
157 2651 228 2691 vero
243 2636 278 2689 ut
292 2631 407 2691 vultum
422 2630 497 2692 vidit
510 2631 661 2693 morientis
678 2638 709 2693 et
723 2617 804 2709 ora,l

100 2713 163 2775 Ora
177 2715 269 2776 modis
285 2713 484 2777 Anchisiades
499 2717 641 2797 pallentia
656 2716 748 2793 miris,

97 2797 250 2879 Ingemuit
264 2799 407 2861 miserans
422 2800 565 2880 graviter,
580 2800 775 2882 dextramque
793 2799 933 2878 tetendit,

98 2882 140 2944 Et
153 2890 284 2944 mentem
299 2885 413 2965 patriae
430 2885 519 2946 subiit
534 2886 653 2966 pietatis
667 2887 775 2967 imago.

98 2966 178 3039 Quid
193 2969 245 3030 tibi
260 2989 351 3046 nunc,
366 2970 533 3031 miserande
549 2991 634 3052 puer,
648 2992 702 3053 pro
716 2969 853 3032 laudibus
867 2969 944 3047 istis,

98 3051 177 3124 Quid
192 3053 258 3135 pius
273 3053 396 3116 Aeneas
411 3060 496 3116 tanta
511 3055 593 3116 dabit
607 3056 705 3117 indole
721 3053 868 3136 dignum?

97 3137 204 3215 Arma,
220 3138 326 3219 quibus
340 3140 481 3214 laetatus,
496 3140 572 3202 habe
589 3147 652 3218 tua,
667 3147 758 3223 teque
773 3145 931 3221 parentum

97 3221 237 3283 Manibus
252 3229 283 3283 et
298 3223 401 3300 cineri,
417 3223 442 3284 si
457 3244 516 3304 qua
531 3231 578 3286 est
591 3246 627 3287 ea
641 3245 724 3303 cura,
739 3225 879 3287 remitto„

97 3306 165 3368 Hoc
180 3313 282 3368 tamen
295 3307 398 3367 infelix
412 3307 551 3370 miseram
566 3311 699 3373 solabere
714 3316 860 3371 mortem:

96 3391 221 3454 Aeneae
236 3391 338 3473 magni
353 3392 460 3453 dextra
475 3393 567 3455 cadis.
612 3396 755 3477 Increpat
769 3395 847 3457 ultro

98 3475 282 3540 Cunctantes
297 3476 402 3555 socios,
418 3484 449 3538 et
463 3484 546 3540 terra
560 3480 697 3542 sublevat
710 3480 818 3562 ipsum,

99 3560 250 3643 Sanguine
268 3568 438 3644 turpantem
454 3569 564 3660 comtos
579 3564 617 3626 de
633 3586 713 3627 more
729 3565 883 3661 capillos2p

139 3647 262 3709 Interea
276 3647 394 3728 genitor
409 3647 540 3710 Tibcrmi
555 3648 594 3711 ad
609 3649 737 3711 fluminis
751 3649 863 3710 undam

96 3728 233 3793 Vulnera
248 3732 380 3795 siccabat
393 3734 532 3816 lymphis,
548 3755 715 3817 corpusque
730 3734 850 3797 levabat
