2496 4334
138 288 200 350 220
473 305 502 349 P.
527 303 669 349 vrusmu
690 303 835 350 manoms

139 456 198 530 Qui
211 458 348 521 Tetricae
363 457 518 519 horrentes
533 478 623 540 rupes
637 463 827 539 montemque
845 456 991 521 Severum

140 542 371 626 Casperiamque
388 543 500 620 colunt,
516 542 712 625 Forulosque,
731 549 764 604 et
776 544 886 605 flumen
901 544 1050 606 Himellae
1064 563 1073 621 3

139 626 198 700 Qui
213 628 358 712 Thybrim
372 627 572 709 Fabarimque
586 628 702 706 bibunt,
719 649 792 710 quos
807 629 918 710 frigida
931 629 1011 692 misit
1037 624 1041 633 ’
1128 652 1176 700 715

138 713 262 792 Nursia,
278 719 309 776 et
323 712 470 774 Hortinae
487 713 607 791 classes,
622 714 782 796 populique
797 713 898 776 Latini
911 735 919 790 3

139 797 280 880 Quosque
299 818 405 861 secans
419 797 581 859 infaustum
596 799 730 860 interluit
744 798 828 861 Allia
841 820 970 863 nomen:

140 882 238 956 Quam
252 884 338 946 multi
353 883 466 966 Libyco
481 884 641 945 volvuntur
655 905 801 946 marmore
818 885 938 965 fluctus,

140 967 255 1032 Saevus
269 969 321 1030 ubi
335 967 428 1030 Orion
441 968 573 1030 hibernis
589 969 726 1031 conditur
739 969 837 1047 undis,

138 1054 199 1118 Vel
214 1076 306 1136 quum
321 1055 381 1116 sole
398 1075 473 1116 novo
489 1053 599 1116 densae
615 1060 767 1116 torrentur
782 1055 902 1133 aristae,
1127 1075 1175 1125 720

138 1138 204 1201 Aut
219 1139 326 1201 Hermi
341 1159 445 1221 campo
460 1144 513 1200 aut
528 1138 639 1222 Lyciae
654 1140 831 1202 flaventibus
847 1141 936 1203 arvis.

140 1223 235 1287 Scuta
249 1230 366 1303 sonant,
381 1225 528 1307 pulsuque
543 1225 654 1307 pedum
670 1226 831 1287 conterrita
845 1226 943 1288 tellus.

181 1309 262 1373 Hinc
278 1309 542 1391 Agamemnoniae,
559 1310 679 1393 Trojani
693 1311 817 1373 nominis
831 1311 934 1389 hostie,

139 1393 238 1458 Curru
248 1395 350 1479 jungit
364 1395 514 1456 Halaesus
530 1416 633 1477 equos,
649 1396 808 1477 Turnoque
824 1396 939 1458 feroces

138 1480 223 1542 Mille
238 1480 317 1564 rapit
331 1480 465 1563 populos,
481 1486 603 1542 vertunt
619 1481 718 1542 felicia
734 1481 855 1542 Baccho
1127 1498 1175 1548 725

138 1565 270 1628 Massica
285 1565 336 1648 qui
350 1565 465 1643 rastris,
481 1573 512 1627 et
527 1586 600 1647 quos
616 1566 653 1627 de
669 1566 792 1628 collibus
808 1565 875 1628 altis

137 1649 276 1713 Aurunci
290 1651 397 1712 misere
413 1657 525 1733 patres,
543 1649 734 1734 Sidicinaque
744 1652 834 1734 juxta

137 1735 293 1818 Aequora,
311 1735 420 1818 quique
438 1735 526 1799 Cales
540 1737 689 1818 linquunt,
708 1737 861 1818 amnisque
878 1736 982 1798 vadosi

137 1821 254 1884 Accola
267 1821 422 1898 Vulturni,
438 1822 609 1904 pariterque
628 1820 777 1884 Saticulus
792 1842 880 1903 asper

140 1905 345 1988 Oscorumque
360 1926 476 1968 manus.
521 1908 645 1969 Teretes
661 1914 730 1969 sunt
745 1908 866 1990 aclydes
881 1906 939 1969 illis
1127 1925 1174 1975 700

139 1991 212 2054 Tela
225 2012 233 2067 ;
256 1992 311 2054 sed
324 1992 400 2054 haec
414 1992 495 2053 lento
509 2014 572 2055 mos
588 1998 634 2054 est
648 2000 752 2075 aptare
767 1993 895 2074 flagello.

138 2077 255 2140 Laevas
272 2083 375 2140 caetra
389 2078 465 2158 tegit
478 2098 486 2154 ;
509 2079 612 2141 falcati
628 2079 789 2139 comminus
805 2098 901 2140 enses.

181 2163 249 2225 Nec
264 2169 299 2224 tu
314 2163 491 2225 carminibus
506 2164 613 2225 nostris
627 2163 757 2225 indictus
773 2163 877 2242 abibis,

140 2247 265 2326 Oebale,
281 2269 370 2330 quem
386 2268 545 2329 generasse
562 2248 655 2309 Telon
672 2246 833 2310 Sebethide
848 2249 981 2331 nympha

138 2333 260 2410 Fertur,
276 2333 437 2395 Teleboum
453 2332 584 2416 Capreas
600 2355 692 2415 quum
707 2355 802 2415 regna
816 2340 945 2412 teneret,
1127 2349 1175 2396 705

137 2418 343 2496 000100οὶοη
366 2418 471 2501 patriis
486 2419 539 2481 sed
554 2440 613 2480 non
630 2425 660 2480 et
674 2420 752 2480 filius
768 2419 846 2480 arvis

140 2503 317 2582 Contentus,
332 2505 392 2566 late
403 2505 468 2587 jam
483 2511 547 2566 tum
562 2505 677 2566 dicione
693 2505 848 2586 premebat

140 2588 294 2652 Sarrastes
310 2591 444 2672 populos,
460 2597 492 2651 et
506 2611 582 2671 quae
598 2590 677 2671 rigat
692 2609 824 2671 aequora
840 2588 965 2665 Sarnus,

141 2674 258 2757 Quique
274 2675 387 2737 Rufras
402 2675 604 2757 Batulumque
620 2681 725 2737 tenent
739 2682 829 2755 atque
846 2695 919 2736 arva
935 2673 1097 2752 Celerinae,

139 2761 181 2821 Ft
196 2781 269 2842 quos
283 2760 436 2822 maliferae
452 2761 628 2843 despectant
642 2761 759 2821 moenia
770 2759 919 2822 Abellae:
1127 2779 1176 2827 740

139 2845 303 2907 Teutonico
317 2846 378 2906 ritu
393 2845 471 2907 soliti
486 2852 625 2926 torquere
642 2846 754 2907 cateias
768 2864 777 2920 ;

139 2930 285 3011 Tegmina
300 2931 366 3012 quis
383 2931 514 3012 capitum
529 2937 633 3013 raptus
650 2931 687 2991 de
703 2930 809 2992 subere
826 2936 940 3009 cortex,

137 3015 333 3098 Aeratacque
348 3016 460 3077 micant
474 3017 585 3098 peltae,
600 3016 691 3077 micat
705 3035 811 3077 aereus
832 3016 920 3077 ensis.

183 3102 224 3162 Ft
238 3107 269 3162 te
280 3107 431 3163 montosae
446 3102 552 3164 misere
568 3102 600 3162 in
614 3101 726 3183 proelia
741 3100 870 3179 Nersae,

139 3185 247 3263 Ufens,
262 3187 409 3267 insignem
423 3188 503 3248 fama
517 3193 548 3247 et
562 3187 698 3248 felicibus
714 3186 822 3247 armis:

140 3270 274 3332 Horrida
288 3271 448 3353 praecipue
466 3271 514 3333 cui
529 3293 603 3352 gens
618 3278 797 3353 assuetaque
812 3271 905 3332 multo

139 3355 264 3419 Venatu
277 3376 443 3433 nemorum,
459 3356 541 3417 duris
555 3356 727 3438 Aequicula
741 3355 845 3437 glebis.

137 3441 259 3503 Armati
274 3447 386 3503 terram
401 3447 553 3519 exercent,
569 3462 745 3524 semperque
761 3447 899 3502 recentes

141 3525 326 3589 Convectare
337 3527 426 3608 juvat
441 3526 580 3608 praedas,
595 3532 627 3588 et
641 3527 741 3589 vivere
757 3532 853 3607 rapto.

184 3610 263 3683 Quin
279 3617 310 3673 et
324 3611 480 3674 Marruvia
495 3613 577 3674 venit
592 3612 629 3673 de
646 3618 735 3693 gente
751 3610 901 3690 sacerdos,

139 3695 258 3758 Fronde
274 3718 364 3779 super
378 3698 496 3778 galeam
511 3704 542 3759 et
556 3697 636 3759 felici
651 3703 766 3758 comtus
781 3696 870 3775 oliva,

23 3868 30 3873 .
138 3779 287 3866 Archippi
301 3782 381 3863 regis
396 3783 499 3861 missu,
514 3782 690 3845 fortissimus
705 3781 839 3845 Umbro:
