2496 4334
491 299 651 344 AENEIDOS
677 300 741 344 LIB.
767 300 805 345 11.

127 449 277 532 Spumeus
293 458 383 535 atque
399 452 457 514 imo
472 452 592 515 Nereus
607 453 666 514 ciet
683 474 813 535 aequora
827 453 930 517 fundo.

125 535 176 597 Illi
191 537 292 615 etiam,
308 539 333 599 si
348 559 422 619 quos
437 538 563 600 obscura
577 545 664 600 nocte
680 559 734 620 per
748 539 882 601 umbram

124 620 272 684 Fudimus
286 622 410 700 insidiis,
426 629 547 704 totaque
565 624 742 704 agitavimus
757 624 843 703 urbe,
926 623 935 639 ⁸

125 705 287 788 Apparent
302 727 310 782 ;
333 708 420 790 primi
435 708 555 791 clypeos
570 708 754 788 mentitaque
770 709 831 770 tela

126 790 318 872 Agnoscunt,
334 799 425 874 atque
440 814 492 854 ora
506 814 577 855 sono
592 793 740 854 discordia
755 793 884 875 signant.

126 875 216 938 Ilicet
230 877 381 938 obruimur
395 899 517 939 numero
531 899 539 953 ;
563 878 734 959 primusque
752 877 914 957 Coroebus,

126 960 252 1022 Penelei
267 961 383 1039 dextra,
399 962 485 1024 divae
501 963 704 1045 armipotentis
720 962 758 1024 ad
774 984 856 1024 aram

125 1044 321 1121 Procumbit3
345 1046 426 1108 cadit
440 1054 471 1108 et
486 1048 632 1130 Rhipeus,
642 1048 824 1130 justissimus
839 1066 916 1109 unus

125 1128 187 1201 Qui
201 1131 260 1192 fuit
275 1131 306 1192 in
321 1131 443 1194 Teucris
459 1138 490 1194 et
505 1132 742 1194 servantissimus
758 1133 867 1213 aequi:

125 1214 181 1277 Dis
198 1216 285 1277 alitor
300 1216 414 1293 visum3
437 1224 564 1299 pereunt
579 1217 777 1300 Hypanisque
792 1217 979 1300 Dymasque,

127 1298 273 1374 Confixia
287 1301 373 1364 sociis
386 1321 394 1377 3
417 1323 473 1364 nec
489 1308 519 1363 tc
536 1309 587 1363 tua
601 1303 738 1384 plurima,
755 1302 886 1380 Panthu,

125 1384 291 1447 Labentem
306 1386 412 1468 pietas
427 1408 484 1448 nec
499 1387 646 1470 Apollinis
660 1388 755 1448 infula
769 1387 854 1449 texit.

125 1470 214 1532 Iliaci
228 1471 353 1549 cineres,
369 1478 400 1533 et
413 1473 532 1534 flamma
547 1479 680 1534 extrema
696 1494 840 1551 meorum,

125 1555 244 1634 Testor,
258 1556 289 1617 in
303 1577 411 1619 occasu
426 1563 525 1619 vestro
540 1578 596 1620 nce
612 1559 673 1619 tela
688 1579 743 1619 nec
759 1559 834 1620 ullas

124 1640 277 1703 Vitavisse
293 1641 373 1704 vices
387 1642 527 1704 Danaum
540 1662 548 1718 ;
572 1649 613 1720 et,
628 1644 653 1705 si
667 1642 731 1704 fata
744 1642 870 1705 fuissent

124 1725 170 1788 Ut
186 1725 335 1804 caderem,
350 1728 494 1789 meruisse
508 1748 609 1789 manu.
654 1728 831 1789 Divellimur
844 1727 934 1791 inde:

124 1810 246 1893 Iphitus
262 1817 292 1872 et
307 1811 406 1874 Pelias
420 1810 560 1888 mecum,
583 1835 709 1894 quorum
724 1813 841 1895 Iphitus
858 1834 931 1876 aevo

123 1895 197 1958 Jam
212 1896 341 1977 gravior,
356 1897 456 1960 Polias
472 1904 504 1959 et
518 1899 640 1960 vulnere
656 1898 760 1960 tardus
775 1898 858 1960 Ulixi
871 1919 880 1974 ;

124 1980 268 2043 Protinus
280 1981 319 2043 ad
335 1982 422 2044 sedes
437 1982 549 2044 Priami
564 1984 692 2045 clamore
712 1983 819 2045 vocati.

168 2065 230 2127 Hic
246 2087 316 2129 vero
330 2067 482 2150 ingentem
496 2089 638 2150 pugnam,
655 2089 711 2130 ceu
726 2075 847 2130 caetera
860 2089 1009 2152 nusquam

123 2151 214 2213 Bella
228 2151 336 2231 forent,
350 2153 424 2214 nulli
440 2159 503 2215 tota
516 2160 706 2215 morerentur
719 2153 750 2214 iu
765 2154 851 2231 urbe,

126 2234 177 2299 Sic
194 2235 325 2299 Martem
339 2237 524 2315 indomitum,
540 2239 720 2320 Danaosque
736 2238 774 2300 ad
789 2245 871 2301 tecta
885 2244 1007 2302 ruentes

126 2319 296 2401 Cernimus,
311 2323 521 2405 obsessumque
537 2331 606 2386 acta
619 2324 769 2385 testudine
784 2325 884 2386 limen.

124 2406 266 2468 Haerent
279 2408 440 2489 parietibus
456 2410 565 2487 scalae,
580 2415 738 2491 postesque
754 2409 809 2470 sub
824 2409 903 2490 ipsos

125 2490 277 2553 Nituntur
292 2493 445 2574 gradibus,
461 2495 642 2577 clypeosque
658 2494 696 2555 ad
713 2495 774 2556 tela
789 2493 915 2556 sinistris

125 2576 262 2639 Protecti
276 2577 428 2660 objiciunt,
444 2585 586 2660 prensant
600 2579 720 2660 fastigia
735 2579 857 2640 dextris.

125 2661 320 2724 Dardanidae
335 2670 439 2725 contra
453 2670 552 2726 turres
567 2685 602 2726 ac
618 2661 868 2726 tecta'domorum

127 2747 266 2809 Culmina
281 2749 470 2810 convellunt:
494 2749 540 2811 his
555 2770 599 2826 se,
614 2749 733 2830 quando
748 2750 852 2810 ultima
867 2755 1005 2829 cernunt,

126 2833 273 2895 Extrema
282 2833 346 2915 jam
360 2833 391 2894 in
405 2840 500 2895 morte
515 2840 623 2916 parant
639 2834 800 2896 defendere
819 2834 886 2896 telis
900 2853 908 2908 ;

124 2918 320 2998 Auratasque
336 2919 447 2997 trabes,
463 2925 599 2981 veterum
614 2919 723 2980 decora
738 2921 799 2980 alta
815 2926 984 3002 parentum,

125 3003 321 3077 Devolvvmt;
345 3003 394 3064 alii
408 3004 519 3066 strictis
534 3004 721 3066 mucronibus
736 3005 811 3066 imas

128 3087 282 3150 Obsedere
297 3087 376 3150 fores
390 3109 397 3163 3
420 3089 474 3150 has
489 3095 610 3151 servant
625 3089 742 3170 agmine
758 3088 860 3150 denso.

126 3171 293 3234 Instaurati
307 3173 408 3251 animi,
424 3174 504 3256 regis
519 3195 694 3236 succurrere
712 3174 810 3251 tectis,

126 3257 309 3338 Auxilioque
323 3258 424 3320 levare
440 3259 529 3337 viros,
545 3259 664 3340 vimque
681 3258 791 3320 addere
807 3257 903 3320 victis.

85 3350 125 3400 Q>
170 3343 278 3404 Limen
293 3349 369 3420 erat,
385 3363 553 3425 caecaeque
568 3343 658 3421 fores,
674 3351 705 3405 et
719 3344 839 3425 pervius
854 3365 925 3406 usus

105 3489 107 3493 ,
125 3430 290 3502 Tectorum
303 3427 383 3489 inter
397 3449 429 3490 so
445 3428 567 3506 Priami,
582 3435 740 3510 postesque
755 3429 852 3490 relicti

89 3522 109 3548 ⁶
127 3515 158 3576 A
173 3521 273 3592 tergo,
288 3512 391 3574 infelix
406 3534 466 3594 qua
481 3535 523 3590 se,
540 3513 611 3575 dum
626 3534 720 3594 regna
731 3515 902 3590 manebant,

81 3642 83 3647 -
130 3597 257 3681 Saepius
272 3597 484 3659 Andromache
500 3599 578 3659 ferre
594 3599 766 3659 incomitata
781 3599 895 3660 solebat

127 3684 181 3746 Ad
197 3703 325 3761 soceros,
341 3689 372 3744 et
387 3703 442 3745 avo
457 3705 582 3765 puerum
597 3682 787 3765 Astyanacta
801 3683 948 3744 trahebat.

129 3768 236 3832 Evado
251 3767 291 3830 ad
305 3767 412 3830 summi
426 3768 545 3851 fastigia
561 3768 715 3830 culminis:
739 3767 819 3828 unde
