2496 4334
162 293 224 356 300
251 286 254 291 ’
502 312 531 357 r.
555 309 697 356 virumn
718 307 863 355 panosus

160 460 323 544 Inspoliata
337 463 432 526 feram
447 463 571 541 tumulo,
588 461 762 544 patriaeque
777 481 930 544 reponam.
988 474 995 488 ·

159 546 244 610 Dixit
257 568 265 625 ;
288 555 320 610 at
332 549 383 610 illa
396 548 471 611 levis
487 548 562 610 coeli
577 547 698 630 delapsa
713 568 768 629 per
782 567 870 609 auras

159 631 306 711 Insonuit,
321 634 407 715 nigro
422 632 607 695 circumdata
622 632 739 693 turbine
756 652 873 714 corpus.

201 716 246 779 At
259 738 364 780 manus
378 719 494 780 interea
507 717 599 779 muris
614 716 743 799 Trojana
758 716 948 799 propinquat,
1068 736 1071 741 ·

158 798 337 884 Etruscique
354 803 456 881 duces,
473 803 666 887 equitumque
682 801 831 863 exercitus
848 801 952 879 omnis,

158 882 320 968 Compositi
333 908 456 950 numero
471 888 503 949 in
518 893 642 949 turmas.
686 886 801 948 Fremit
816 906 945 968 aequore
961 890 1023 948 toto

156 968 308 1034 Insultans
323 973 450 1055 sonipes,
466 978 498 1034 et
512 972 622 1055 pressis
636 978 752 1053 pugnat
768 971 892 1033 habenis
1148 991 1197 1040 600

155 1053 226 1117 Huc
242 1057 385 1119 obversus
401 1063 432 1118 et
445 1058 504 1119 huc
519 1077 527 1132 ;
550 1064 614 1119 tum
628 1057 688 1118 late
703 1056 820 1117 ferreus
834 1055 927 1118 hastis

155 1137 270 1202 Horret
284 1162 369 1223 ager,
385 1142 540 1224 campique
556 1140 644 1204 armis
659 1139 831 1202 sublimibus
846 1140 963 1202 ardent.

154 1222 187 1284 N
189 1245 223 1286 ec
238 1246 297 1287 non
312 1225 414 1288 Messa
434 1247 469 1288 us
484 1232 589 1288 contra
604 1225 776 1306 celeresque
792 1225 903 1303 Latini,

155 1307 197 1369 Et
212 1309 386 1372 cumfratre
403 1248 506 1389 doras,
522 1317 554 1372 et
568 1310 690 1391 virginis
706 1310 753 1372 ala
769 1307 912 1372 Camillae

153 1391 286 1456 Adversi
301 1415 405 1478 campo
420 1401 577 1478 apparent,
591 1395 752 1476 hastasque
770 1394 903 1457 reductis

154 1475 343 1541 Protendunt
356 1481 445 1562 longe
462 1480 575 1542 dextris
590 1485 622 1541 et
636 1479 751 1561 spicula
765 1479 904 1555 vibrant;

153 1562 373 1646 Adventusque
388 1565 486 1627 virum
495 1564 691 1647 fremitusque
707 1563 837 1626 ardescit
850 1583 1004 1645 equorum.

153 1644 283 1728 Jamque
298 1649 377 1711 intra
386 1650 503 1733 jactum
518 1650 569 1711 teli
585 1668 759 1731 progressus
774 1655 901 1730 uterque

155 1728 358 1809 Constiterat3
381 1735 477 1796 subito
493 1739 653 1816 erumpunt
668 1733 808 1810 clamore,
822 1733 1017 1813 furentesque

153 1813 358 1880 Exhortantur
373 1839 464 1901 equos
477 1838 485 1894 ;
507 1819 638 1881 fundunt
653 1818 739 1880 simul
753 1817 885 1899 undique
900 1817 962 1878 tela

129 1904 133 1910 ‘
154 1897 278 1979 Crebra,
293 1903 369 1964 nivis
384 1903 455 1981 ritu,
471 1904 644 1984 coelumque
663 1902 812 1964 obtexitur
828 1902 943 1963 umbra.

153 1982 299 2049 Continuo
318 1988 450 2050 adversis
468 1987 642 2071 Tyrrhenus
661 1993 692 2048 et
706 2007 777 2049 acer
795 1985 953 2048 Aconteus

153 2067 278 2132 Gonnixi
291 2071 448 2133 incurrunt
462 2072 566 2151 hastis,
580 2071 727 2154 primique
743 2071 859 2132 ruinam

150 2153 234 2216 Dant
248 2156 346 2218 sonitu
359 2157 484 2238 ingenti,
500 2158 710 2239 perfractaque
726 2155 1006 2237 quadrupedantum

150 2237 280 2302 Pectora
295 2241 464 2322 pectoribus
479 2247 630 2323 rumpunt.
676 2241 828 2302 Excussus
843 2240 998 2301 Aconteus

149 2321 293 2387 Fulminis
307 2325 338 2386 in
353 2346 465 2386 morem
480 2331 532 2387 aut
546 2332 692 2387 tormento
707 2324 846 2408 ponderis
861 2324 921 2385 acti

149 2407 334 2491 Praecipitat
347 2411 447 2491 longe,
463 2417 494 2472 et
509 2411 601 2472 vitam
616 2410 761 2493 dispergit
774 2410 805 2470 in
820 2429 918 2471 auras.

149 2492 307 2576 Extemplo
322 2495 458 2557 turbatae
475 2496 564 2574 acies,
580 2496 717 2577 versique
734 2494 833 2555 Latini

148 2577 300 2660 Rejiciunt
314 2600 432 2661 parmas
449 2586 480 2641 et
495 2600 587 2662 equos
603 2580 642 2642 ad
656 2579 772 2640 moenia
786 2582 917 2639 vertunt.

148 2661 241 2725 Trois
256 2670 351 2746 agunt
363 2683 371 2740 ;
395 2664 532 2747 princeps
547 2671 660 2726 turmas
674 2663 790 2725 inducit
803 2663 914 2724 Asilas.
971 2699 974 2703 ·

146 2746 277 2830 Jamque
292 2749 530 2831 propinquabant
544 2749 637 2831 portis
651 2769 658 2823 ;
681 2768 843 2828 rursusque
859 2745 959 2807 Latini

149 2830 315 2894 Clamorem
330 2834 448 2911 tollunt,
464 2839 495 2895 et
509 2834 607 2894 mollia
622 2834 697 2895 colla
711 2833 889 2894 reflectunt:

146 2914 190 2976 Hi
204 2916 324 2998 fugiunt
337 2918 514 2999 penitusque
530 2917 607 2979 datis
623 2918 794 2978 referuntur
807 2914 941 2977 habenis.

147 2998 250 3072 Qualis
265 3002 316 3062 ubi
332 3003 446 3064 alterno
461 3023 639 3084 procurrens
654 3001 773 3083 gurgite
789 3005 896 3082 pontus

146 3084 237 3147 Nunc
252 3086 313 3147 ruit
327 3086 366 3148 ad
381 3093 502 3164 terram,
519 3088 712 3169 scopulosque
728 3084 890 3166 superjacit
904 3083 986 3145 unda

148 3167 305 3249 Spumeus,
322 3176 543 3252 extremamque
559 3173 626 3232 sinu
640 3169 791 3252 perfundit
806 3187 946 3243 arenam3

146 3252 177 3313 N
180 3272 237 3314 unc
253 3253 374 3335 rapidus
389 3261 469 3316 retro
484 3262 574 3335 atque
590 3262 676 3316 aestu
691 3254 827 3316 revoluta
841 3254 997 3314 resorbens

148 3335 228 3398 Saxa
241 3336 330 3418 fugit,
342 3339 472 3419 litusque
488 3338 563 3400 vado
578 3339 697 3400 labente
712 3337 863 3419 relinquit.

144 3421 199 3482 Bis
214 3421 304 3483 Tusci
319 3422 445 3483 Rutulos
461 3442 551 3503 egere
567 3423 605 3483 ad
619 3423 736 3485 moenia
749 3442 851 3483 versos
865 3440 873 3496 ;

144 3506 199 3568 Bis
214 3505 320 3589 rejecti
335 3506 423 3568 armis
438 3513 609 3588 respectant
624 3513 711 3588 terga
725 3512 873 3586 tegentes.

145 3590 247 3652 Tertia
262 3591 316 3652 sed
331 3596 487 3673 postquam
504 3592 654 3673 congressi
668 3592 699 3653 in
713 3591 836 3673 proelia,
852 3595 929 3651 totas

145 3674 325 3756 Implicuere
340 3676 419 3737 inter
433 3697 465 3737 se
481 3677 572 3754 acies,
587 3677 720 3757 legitque
736 3676 832 3736 virum
847 3675 912 3748 vir;

145 3757 222 3819 Tum
236 3779 307 3820 vero
323 3766 354 3821 et
368 3760 496 3840 gemitus
511 3761 698 3837 morientum,
714 3765 746 3821 et
762 3759 905 3839 sanguine
920 3757 952 3818 in
967 3758 1028 3818 alto
