2496 4334
116 233 179 298 126
450 253 479 298 P.
504 251 645 298 vraeruu
667 251 811 298 minorue

115 402 195 467 Vela
210 403 343 481 cadunt3
366 404 455 468 remis
469 404 666 488 insurgimus:
690 404 772 467 haud
785 424 879 485 mora,
893 410 1003 469 nautae

114 487 229 551 Adnixi
243 495 384 572 torquent
398 511 528 573 spumas,
544 497 575 553 et
590 491 711 553 caerula
728 496 862 553 verrunt.

160 572 320 638 Servatum
334 596 372 638 ex
385 575 473 638 undis
491 574 692 658 Strophadum
707 596 755 638 me
769 575 857 637 litora
871 574 999 658 primum

115 657 297 742 Accipiunt:
323 658 507 743 Strophades
529 658 621 724 Graio
636 665 717 722 stant
730 660 847 723 nomine
863 660 962 723 dictae

115 744 236 806 Insulae
251 744 335 807 Ionio
349 745 381 808 in
393 766 513 828 magno,
529 766 604 828 quas
619 745 686 807 dira
701 743 842 824 Celaeno,

115 829 331 914 Harpyiaeque
349 831 450 893 colunt
465 831 552 910 aliae,
567 830 694 893 Phineia
707 836 866 913 postquam

117 913 227 978 Clausa
241 915 355 994 domus,
369 936 546 999 mensasque
560 922 644 978 metu
657 916 771 998 liquere
784 916 907 998 priores.

116 1000 242 1063 Tristius
256 999 338 1062 haud
350 1000 408 1062 illis
422 1007 597 1080 monstrum,
611 1021 673 1064 nec
684 1001 799 1063 saevior
813 1001 875 1063 ulla

115 1084 214 1148 Pestis
229 1092 261 1147 et
274 1086 320 1147 ira
334 1085 424 1149 deum
438 1085 551 1171 Stygiis
566 1106 632 1149 sese
648 1085 755 1148 extulit
769 1085 868 1148 undis.

115 1170 254 1252 Virginei
269 1171 423 1234 volucrum
436 1172 547 1255 ultus,
559 1170 728 1234 foedissima
741 1171 855 1233 ventris

115 1255 280 1403 groluvies,
292 1277 447 1339 uncaeque
462 1277 578 1336 manus,
594 1262 625 1319 et
639 1255 750 1340 pallida
764 1276 882 1340 semper

144 1362 178 1403 ra
191 1341 280 1404 fame.

157 1426 228 1489 Huc
243 1427 294 1488 ubi
309 1425 400 1488 delati
414 1430 516 1508 portus
531 1423 724 1489 intravimus:
741 1446 812 1490 ecce
898 1492 901 1497 ,

115 1510 210 1574 Laeta
223 1512 313 1575 boum
326 1511 436 1594 passim
450 1510 561 1594 campis
576 1517 712 1574 armenta
725 1511 871 1591 videmus,

116 1593 375 1679 caprigenumque
390 1616 493 1679 pecus,
508 1597 589 1659 nullo
604 1595 739 1676 custode,
754 1618 809 1680 per
821 1595 940 1660 herbas.

115 1680 260 1743 Irruimus
274 1681 365 1761 ferro,
381 1688 412 1743 et
427 1681 510 1744 divos
525 1682 680 1764 ipsumque
696 1702 835 1745 vocamus

115 1765 154 1827 In
168 1773 283 1849 partem
298 1766 498 1850 praedamque
513 1765 535 1829 J
536 1787 631 1830 ovem.
677 1765 754 1829 Tum
767 1767 853 1830 litore
872 1784 964 1828 curvo
1074 1799 1077 1803 ·

116 1850 363 1935 Exstruimusque
380 1858 470 1931 toros,
487 1851 672 1935 dapibusque
687 1852 843 1935 epulamur
856 1849 970 1935 opimis.

114 1935 161 1998 At
175 1936 289 1999 subitae
303 1937 441 2000 horrifico
455 1939 541 2020 lapsu
556 1937 594 1999 de
608 1938 756 2001 montibus
768 1937 878 2001 adsunt

115 2020 281 2106 Harpyiae,
297 2030 328 2086 et
343 2023 459 2106 magnis
474 2023 613 2105 quatiunt
627 2022 814 2106 clangoribus
829 2023 903 2101 alas,

115 2105 325 2192 Diripiuntque
341 2108 444 2191 dapes,
460 2114 659 2190 contactuque
674 2109 772 2174 omnia
785 2108 908 2172 foedant

115 2191 271 2257 Immundo
284 2214 293 2270 ;
315 2199 379 2256 tum
393 2216 451 2257 vox
464 2199 576 2255 tetrum
594 2192 659 2255 dira
672 2194 750 2257 inter
765 2195 895 2257 odorem.

115 2277 246 2340 Rursum
259 2279 291 2341 in
305 2299 425 2341 secessu
438 2279 526 2359 longo
541 2278 595 2339 sub
610 2299 684 2361 rupe
701 2285 817 2360 cavata,

115 2362 281 2426 Arboribus
296 2363 389 2426 clausi
403 2363 516 2425 circum
531 2368 621 2446 atque
635 2364 822 2427 horrentibus
838 2361 961 2440 umbris,

115 2449 293 2512 Instruimus
307 2469 436 2528 mensas,
452 2448 570 2531 arisque
585 2449 754 2532 reponimus
773 2450 893 2531 ignem:

115 2535 247 2598 Rursum
262 2556 299 2597 ex
314 2534 431 2598 diverso
447 2535 522 2597 coeli
537 2533 693 2617 caecisque
708 2535 831 2596 latebris

116 2620 217 2682 Turba
230 2640 337 2683 sonans
352 2620 495 2702 praedam
509 2620 634 2704 pedibus
650 2620 843 2683 circumvolat
857 2616 953 2695 uncis,

116 2705 226 2767 Polluit
240 2726 290 2767 ore
306 2704 408 2787 dapes.
456 2703 550 2768 Sociis
564 2712 648 2784 tunc,
664 2726 746 2767 arma
761 2709 930 2788 capessant,

116 2790 222 2869 Edico,
238 2796 269 2852 et
283 2789 348 2852 dira
362 2790 473 2852 bellum
488 2810 557 2852 oum
572 2797 662 2872 gente
678 2790 853 2872 gerendum.

115 2875 209 2937 Haud
224 2895 311 2937 secus
328 2895 362 2937 ac
374 2875 450 2958 jussi
465 2875 590 2953 faciunt,
606 2881 759 2957 tectosque
775 2897 830 2958 per
840 2872 964 2937 herbam

116 2959 286 3042 Disponunt
301 2981 398 3038 enses,
414 2965 445 3021 et
459 2966 546 3023 scuta
559 2959 684 3022 latentia
699 2961 840 3023 condunt.

116 3046 208 3127 Ergo,
225 3045 275 3107 ubi
290 3045 428 3127 delapsae
444 3045 570 3108 sonitum
585 3067 640 3126 per
654 3065 747 3107 curva
761 3045 872 3108 dedere

116 3130 229 3208 Litora,
246 3129 299 3192 dat
313 3130 430 3211 signum
445 3132 566 3213 specula
581 3130 716 3192 Misenus
731 3131 768 3193 ab
783 3132 845 3193 alta

115 3214 198 3278 Aere
215 3235 298 3276 cavo.
343 3215 495 3277 Iuvadunt
509 3216 591 3293 socii,
607 3221 639 3277 et
652 3236 730 3278 nova
745 3216 857 3298 proelia
876 3216 1006 3290 tentant,

118 3301 288 3364 Obscoenas
302 3301 401 3383 pelagi
416 3300 495 3362 ferro
510 3301 632 3363 foedare
646 3301 792 3364 volucres.

119 3385 181 3450 Sed
195 3406 293 3468 neque
308 3385 368 3447 vim
382 3385 488 3467 plumis
503 3387 605 3463 ullam,
621 3406 677 3447 uec
693 3387 818 3449 vulnera
834 3391 920 3468 tergo

117 3471 300 3555 Accipiunt3
324 3470 472 3553 celerique
486 3470 560 3552 fuga
574 3471 628 3533 sub
645 3470 743 3533 sidera
754 3472 855 3553 lapsae

120 3555 283 3619 Semiesam
298 3555 440 3639 praedam
455 3562 486 3617 ct
501 3555 627 3636 vestigia
640 3555 729 3618 foeda
743 3557 925 3639 relinquunt.

118 3641 190 3705 Una
204 3642 235 3704 in
249 3641 402 3724 praecelsa
417 3641 551 3705 consedit
567 3660 641 3723 rupe
658 3639 799 3720 Celaeno,

119 3726 228 3807 infelix
242 3733 337 3806 vates,
354 3727 523 3811 rumpitque
537 3727 614 3788 hanc
630 3733 750 3808 pectore
765 3747 888 3789 vocem:
