2496 4334
103 262 166 330 108
429 285 457 329 r.
481 256 621 330 vraomn
647 284 791 330 nasonis

102 433 144 497 Et
157 434 252 518 magis
267 440 357 518 atque
372 437 477 518 magis,
493 457 663 519 quanquam
678 443 795 499 secreta
809 438 940 518 parentis

102 519 253 582 Anchisae
268 522 382 601 domus,
398 522 608 603 arboribusque
624 522 742 583 obtecta
757 523 892 600 recessit,

103 603 279 667 Olarescunt
293 606 415 684 sonitus,
431 626 637 687 armorumque
651 606 763 687 ingruit
777 607 890 669 horror.

103 687 246 752 Excutior
260 711 371 769 somno,
389 697 420 753 et
434 691 539 752 summi
553 690 672 770 fastigia
686 691 759 752 tecti

102 771 241 835 Ascensu
255 795 373 856 supero,
388 781 478 857 atquo
495 775 618 836 arrectis
633 775 753 836 auribus
768 773 873 837 adsto:

102 856 141 918 In
155 865 289 940 segetem
302 860 395 921 veluti
410 881 501 941 quum
515 861 633 921 flamma
646 859 812 920 fruentibus
827 860 935 922 austris

102 941 223 1020 Incidit,
240 950 292 1005 aut
305 944 426 1026 rapidus
440 951 579 1006 montano
592 944 711 1005 flumine
727 951 842 1006 torrens

105 1024 219 1089 Sternit
235 1049 333 1109 agros,
349 1029 456 1091 sternit
470 1035 536 1090 sata
549 1029 629 1089 laeta
643 1030 790 1110 boumque
804 1028 931 1106 labores,

104 1111 347 1195 Praecipitesque
362 1113 454 1175 trahit
468 1114 578 1186 silvas3
601 1118 702 1194 stupet
716 1112 826 1187 inscius
841 1114 901 1174 alto

102 1196 262 1278 Accipiens
277 1197 404 1259 sonitum
419 1198 482 1259 saxi
496 1198 534 1259 de
549 1197 661 1259 vertice
676 1203 786 1279 pastor.

102 1281 179 1343 Tum
193 1302 263 1344 vero
278 1282 434 1344 manifesta
446 1282 532 1359 fides,
548 1282 745 1362 Danaumque
767 1286 927 1362 patescunt

102 1365 242 1428 Insidiae.
286 1365 309 1428 J
310 1386 357 1428 am
372 1367 519 1449 Deiphobi
533 1366 617 1428 dedit
632 1367 729 1448 ampla
743 1366 869 1443 ruinam,

102 1451 239 1514 Vulcano
254 1456 424 1533 superante,
440 1452 543 1513 domus
557 1472 564 1526 3
582 1451 646 1533 jam
660 1451 809 1532 progimus
824 1450 911 1512 ardet

102 1535 257 1616 Ucalegon
271 1555 279 1609 余
304 1534 395 1616 Sigea
408 1536 471 1617 igni
485 1536 564 1598 freta
577 1537 639 1597 lata
653 1537 799 1598 relucent.

87 1619 243 1690 ,Exoritur
258 1621 426 1702 clamorque
441 1621 536 1682 vinam
549 1621 729 1702 clangorque
744 1620 893 1682 tubarum.

101 1703 198 1766 Arma
212 1725 313 1766 amens
329 1706 412 1787 capio
426 1725 434 1780 余
455 1726 511 1767 nec
527 1712 574 1766 sat
589 1706 709 1768 rationis
723 1703 868 1766 inarmis.

104 1787 165 1851 Sed
180 1790 343 1871 glomerare
358 1810 478 1851 manum
492 1790 579 1866 bello,
594 1797 625 1852 et
640 1809 817 1852 concurrere
832 1789 863 1850 in
877 1809 978 1853 arcem

104 1872 179 1935 Cum
194 1874 279 1936 sociis
295 1873 401 1936 ardent
412 1875 510 1936 animi.
555 1874 652 1936 Furor
665 1875 769 1956 iraque
784 1880 914 1935 mentem

102 1956 324 2040 Praecipitant3
346 1958 561 2040 pulchmmque
577 1959 650 2021 mori
665 1959 812 2021 succurrit
825 1959 857 2019 in
871 1957 969 2020 armis.

145 2043 226 2104 Ecce
242 2048 342 2105 autem
358 2044 425 2106 telis
440 2044 574 2106 Panthus
588 2045 706 2126 elapsus
719 2042 882 2122 Achivum,

102 2126 237 2189 Panthus
254 2126 435 2210 Othryades,
451 2128 527 2190 arcis
542 2128 714 2210 Phoebique
729 2128 879 2205 sacerdos,

103 2210 197 2273 Sacra
210 2231 311 2289 manu,
326 2212 478 2294 victosque
494 2213 576 2290 deos,
590 2233 775 2294 parvumque
797 2216 936 2293 nepotem

101 2295 171 2377 Ipse
187 2295 289 2373 trahit,
305 2316 454 2378 cursuque
470 2318 571 2359 amens
587 2298 625 2358 ad
639 2297 741 2359 limina
755 2297 861 2358 tendit.

102 2377 167 2452 Quo
181 2401 229 2442 res
245 2401 359 2442 summa
372 2382 448 2461 loco,
464 2381 608 2444 Panthu?
631 2402 720 2464 quam
735 2381 908 2464 prendimus
922 2401 1022 2442 arcem

101 2465 162 2527 Vix
177 2486 214 2527 ea
228 2464 307 2527 fatus
323 2487 414 2545 eram,
431 2469 543 2548 gemitu
558 2488 650 2548 quum
665 2466 736 2528 talia
751 2466 870 2527 reddit:

100 2549 194 2611 Venit
208 2570 322 2612 summa
336 2550 399 2613 dies
414 2560 446 2614 et
458 2552 646 2614 ineluctabile
661 2557 778 2632 tempus

100 2634 281 2696 Dardaniae.
326 2635 449 2699 Fuimus
464 2637 578 2711 moen
601 2635 659 2697 fuit
673 2635 774 2712 Ilium,
790 2634 941 2716 elingens

101 2717 203 2781 Gloria
217 2720 408 2782 Teucrorum.
453 2721 549 2783 Ferus
563 2721 661 2782 omnia
674 2719 796 2801 Jupiter
809 2718 912 2800 Argos

100 2803 272 2865 Transtulit.
317 2804 445 2866 Incensa
460 2806 557 2866 Danai
572 2805 761 2867 dominantur
775 2803 807 2864 in
820 2803 905 2866 urbe.

99 2887 224 2950 Arduus
239 2895 367 2950 armatos
381 2889 486 2950 mediis
500 2890 532 2951 in
545 2889 698 2950 moenibus
713 2888 833 2949 adstans

99 2972 211 3057 Fundit
226 2993 330 3056 equus,
345 2973 498 3055 victorque
516 2972 608 3037 Sinon
621 2973 759 3035 incendia
772 2972 888 3051 miscet,

98 3055 259 3120 Insultans.
304 3057 403 3120 Portis
417 3058 466 3120 alii
478 3058 678 3140 bipatentibus
692 3056 812 3133 adsunt,

98 3142 194 3215 Millia
208 3147 281 3223 quot
293 3143 409 3224 magnis
424 3164 555 3225 unquam
567 3163 677 3204 venere
691 3141 830 3225 Mycenis
844 3160 852 3217 余

102 3224 254 3294 Obsedere
269 3227 319 3289 alii
333 3227 400 3302 telis
415 3233 542 3308 angusta
555 3227 669 3288 viarum

100 3307 256 3390 Oppositi3
278 3315 338 3371 stat
351 3311 423 3372 ferri
437 3312 517 3373 aoies
530 3332 670 3387 mucrone
687 3329 809 3373 corusco

100 3391 222 3473 Stricta,
237 3400 343 3476 parata
358 3395 426 3456 neci
438 3415 446 3470 余
469 3397 520 3456 vix
533 3396 619 3477 primi
634 3395 746 3477 proelia
759 3400 879 3468 tentant

97 3477 256 3550 Portarum
270 3478 384 3558 vigiles,
400 3485 431 3540 et
446 3500 535 3541 caeco
551 3479 651 3541 Marte
666 3480 818 3553 resistunt,

140 3563 260 3624 Talibus
277 3561 450 3645 Othryadae
466 3564 553 3626 dictis
569 3571 600 3626 et
614 3564 734 3626 nurnine
748 3563 851 3625 dirum

97 3646 135 3707 In
148 3648 281 3709 flammas
296 3654 327 3709 et
341 3648 373 3710 in
387 3669 470 3710 arma
482 3649 573 3727 feror,
589 3669 647 3731 quo
663 3649 754 3710 tristis
770 3648 913 3730 Erinnys,

98 3728 163 3803 Quo
177 3731 311 3793 fremitus
326 3740 414 3794 vocat
428 3740 459 3795 et
475 3734 608 3795 sublatus
623 3733 662 3794 ad
676 3733 800 3795 aethera
815 3734 935 3795 clamor.
