2496 4334
463 288 645 335 dnoaamen
668 289 733 334 ΗΒ.
756 289 781 335 Ι.

97 443 202 508 Prima
217 444 311 508 Ceres
325 444 405 507 ferro
420 444 560 506 mortales
575 450 694 522 vertere
710 450 822 507 terram

97 531 245 610 Instituit,
261 553 353 613 quum
363 532 429 613 jam
444 529 568 610 glandes
584 536 675 612 atque
691 531 798 592 arbuta
815 551 919 593 sacrae

98 617 274 679 Deficerent
289 618 380 678 siluae
397 624 428 678 ot
445 616 555 677 victum
570 616 698 678 Dodona
712 622 848 697 negaret.
907 639 910 646 ’

97 703 172 765 Mox
187 709 218 765 et
232 703 390 764 frumentis
406 702 488 763 labor
504 701 635 780 additus,
651 709 685 763 ut
699 703 778 764 mala
796 703 909 765 culmos

98 788 318 869 EssetrobigO,
335 788 494 869 segnisque
510 789 648 849 horreret
663 787 693 848 in
708 789 787 849 arvis

99 873 256 951 Carduus:
273 874 427 935 intereunt
442 880 571 953 segetes,
588 873 665 934 subit
682 893 788 953 aspera
802 873 888 952 silva,

98 959 282 1042 Lappaeque
298 958 471 1041 tribulique,
486 960 625 1039 interque
641 959 767 1020 nitentia
783 960 864 1022 culta

98 1045 210 1107 Infelix
224 1045 326 1129 lolium
341 1051 372 1106 ct
387 1046 503 1107 steriles
518 1045 707 1106 elmuinautur
723 1065 847 1106 ravenae.

99 1130 186 1204 Quod
202 1126 259 1192 nisi
274 1137 305 1192 et
320 1130 446 1193 assiduis
462 1137 572 1192 terram
588 1131 774 1190 insectabere
790 1130 906 1208 restria,

98 1217 140 1278 Et
155 1217 255 1279 sonitu
267 1216 394 1277 terrebis
411 1237 492 1293 ares,
508 1223 539 1277 et
554 1218 631 1276 ruris
647 1216 732 1297 <quei

96 1303 190 1364 Falce
206 1323 325 1386 premes
340 1302 470 1379 umbras,
487 1303 621 1383 rotisque
639 1301 790 1363 vocareris
806 1301 950 1364 imbrem:

97 1388 182 1466 Heu,
197 1387 340 1470 magnum
357 1389 477 1449 alterius
492 1387 606 1449 frustra
621 1387 769 1469 spectabis
786 1408 939 1466 acervum,

98 1473 312 1555 Concamsaque
327 1474 437 1534 firmem
456 1473 486 1534 in
501 1473 582 1534 silvis
598 1474 731 1535 solabere
750 1494 874 1553 quercu.

140 1559 312 1621 Dicendum
328 1565 371 1637 et,
387 1580 463 1640 quae
479 1559 538 1620 sint
553 1559 636 1620 dun's
652 1558 818 1633 ajrrestibus
835 1579 929 1635 arnna,

97 1642 172 1716 Quis
187 1645 251 1707 sine
267 1665 323 1706 nec
339 1651 463 1726 potuere
479 1644 608 1706 scrineo
624 1667 748 1725 surgere
764 1665 885 1706 messes.

97 1730 203 1793 Vomis
219 1737 250 1793 et
263 1731 365 1792 inflexi
380 1730 507 1812 primum
524 1752 615 1807 gri-:ue
632 1731 722 1790 robur
737 1730 840 1807 aratri,

97 1816 257 1898 Tardaque
274 1816 434 1877 Eleusinae
450 1818 553 1878 matris
571 1816 718 1891 voluentia
733 1817 877 1897 plaustra,

97 1902 291 1984 'l'ribulaquc,
308 1902 502 1983 traheaeque,
519 1908 550 1963 et
565 1902 665 1983 iniquo
681 1902 811 1983 pondere
829 1901 916 1963 rastri
930 1921 938 1977 ;

97 1988 215 2069 Virgea
229 1994 388 2070 practerea
404 1986 487 2049 Celei
503 1989 626 2069 vilisque
645 1988 790 2068 supellex.

96 2073 254 2136 Arbrrteao
271 2079 369 2135 crates
382 2080 413 2134 et
424 2075 551 2155 mystica
565 2094 680 2157 raunrrs
698 2073 810 2134 Iacchi.

99 2158 208 2222 Omnia
220 2180 297 2240 quae
311 2160 404 2220 multo
418 2166 487 2220 aute
503 2180 615 2220 memor
631 2159 747 2240 provisa
759 2178 895 2240 repones,

99 2244 131 2307 Si
147 2253 178 2306 te
195 2244 287 2325 digna
301 2250 404 2306 manet
418 2244 509 2305 divini
524 2245 618 2324 gloria
634 2245 720 2304 ruris.

98 2330 248 2392 Continuo
264 2330 295 2390 in
309 2330 515 2411 siluismagua
537 2330 566 2391 vi
581 2331 657 2390 flexa
674 2330 812 2390 domatur

96 2418 136 2478 In
150 2416 260 2493 burim,
276 2421 307 2476 et
322 2415 406 2477 curvi
421 2416 545 2477 formam
561 2417 669 2496 accipit
684 2416 781 2476 ulmus
796 2414 898 2475 arat-ri.

96 2501 181 2563 Huic
198 2501 236 2562 ab
252 2501 343 2583 stirpe
360 2500 452 2583 pedes
468 2514 546 2562 temo
562 2512 716 2581 protentus
733 2502 763 2561 in
778 2505 856 2576 octo,

97 2588 195 2650 Binae
212 2608 310 2666 aures,
327 2586 438 2668 tlrrquiei
454 2593 596 2668 aptantur
612 2587 742 2647 dentalia
758 2586 855 2646 dorso.

99 2672 247 2735 Caeditur
263 2686 292 2732 ct
308 2673 371 2733 tilia
387 2679 456 2733 aitte
468 2673 542 2753 jugo
558 2674 641 2749 lvi-is,
659 2675 778 2753 altaque
800 2672 888 2752 tagus

100 2757 259 2839 Stivaque,
276 2779 352 2838 qruie
369 2779 474 2819 currus
487 2780 504 2818 a
520 2770 605 2834 tergo
621 2765 759 2838 terr-queat
775 2757 847 2819 imos
862 2776 869 2831 3

99 2845 141 2906 Et
156 2865 301 2925 suspensa
318 2843 390 2905 t'ocis
407 2845 541 2926 explorat
557 2845 662 2905 robora
676 2845 787 2905 fumus.

143 2929 272 2990 Possum
287 2930 381 2989 multa
397 2930 449 2990 tibi
465 2936 601 2990 veterum
617 2936 780 3010 praccepta
794 2929 920 3007 referre,

100 3014 142 3076 Ni
158 3014 285 3094 refugis,
302 3021 467 3095 tenuesque
485 3016 568 3096 piget
584 3035 763 3095 cognoscere
779 3034 877 3075 curas.

100 3100 185 3162 Area
203 3100 385 3181 cumprimis
400 3100 514 3180 ingenti
535 3100 692 3182 actpranda
713 3098 859 3181 cylindro,

102 3186 142 3246 Et
159 3184 306 3246 vertenda
322 3205 424 3263 mauu,
440 3193 471 3246 et
487 3200 571 3247 creta
586 3185 739 3246 solidanda
758 3185 868 3261 tornaci,

101 3270 150 3332 Ne
166 3270 296 3331 subeant
310 3271 433 3347 herbae,
450 3293 510 3332 neu
525 3272 648 3353 pulvere
665 3271 745 3331 ricta
759 3271 899 3343 tirtiscat3

101 3356 178 3418 Tum
195 3355 297 3416 variae
312 3355 440 3417 illudant
455 3364 573 3438 pestes:
598 3377 687 3437 saepe
704 3355 910 3435 exiguusmus

103 3440 166 3502 Sub
182 3441 272 3503 terris
288 3441 445 3523 posuitque
464 3442 565 3504 domos
581 3450 671 3522 atrpm
686 3443 794 3502 horrea
810 3441 901 3513 fecit3

102 3527 167 3588 aut
184 3527 278 3589 oculis
294 3527 375 3608 eapti
390 3527 493 3589 tiulere
511 3528 618 3589 cubilia
635 3529 753 3608 talpae;

101 3611 309 3694 Irn'entusque
326 3613 407 3674 cavis
419 3614 501 3691 bufo,
518 3620 549 3674 ct
564 3634 640 3694 <quiae
657 3613 784 3693 plurima
799 3618 897 3672 terrae

43 3772 47 3778 ι
101 3696 241 3759 Monstra
257 3698 380 3773 ferunt;
403 3701 584 3782 populatque
601 3699 753 3775 urgentem
768 3698 856 3758 farris
872 3716 1012 3758 aceruum

102 3783 126 3847 C
131 3783 261 3864 ur·euli0,
278 3790 369 3866 atqie
385 3784 464 3867 inopi
480 3792 616 3846 metucns
631 3784 754 3845 formica
771 3790 920 3844 senectae.

464 3872 483 3931 3
495 3876 506 3896 ε
