<?xml version="1.0" encoding="UTF-8"?>
<!DOCTYPE html PUBLIC "-//W3C//DTD XHTML 1.0 Transitional//EN"
    "http://www.w3.org/TR/xhtml1/DTD/xhtml1-transitional.dtd">
<html xmlns="http://www.w3.org/1999/xhtml" xml:lang="en" lang="en">
 <head>
  <title>
</title>
<meta http-equiv="Content-Type" content="text/html;charset=utf-8" />
  <meta name='ocr-system' content='tesseract 3.04.00' />
  <meta name='ocr-capabilities' content='ocr_page ocr_carea ocr_par ocr_line ocrx_word'/>
</head>
<body>
  <div class='ocr_page' id='page_1' title='image "./bucolicsgeorgic00virggoog_0097.png"; bbox 0 0 2496 4334; ppageno 0'>
   <div class='ocr_carea' id='block_1_1' title="bbox 100 249 795 312">
    <p class='ocr_par' dir='ltr' id='par_1_1' title="bbox 100 249 795 312">
     <span class='ocr_line' id='line_1_1' title="bbox 100 249 795 312; baseline 0.001 -1"><span class='ocrx_word' id='word_1_1' title='bbox 100 249 140 312; x_wconf 85' lang='lat'>86</span> <span class='ocrx_word' id='word_1_2' title='bbox 434 266 463 311; x_wconf 83' lang='lat' dir='ltr'>r.</span> <span class='ocrx_word' id='word_1_3' title='bbox 487 265 629 312; x_wconf 84' lang='lat' dir='ltr'>vracmn</span> <span class='ocrx_word' id='word_1_4' title='bbox 650 265 795 312; x_wconf 78' lang='lat' dir='ltr'>uascurs</span> 
     </span>
    </p>
   </div>
   <div class='ocr_carea' id='block_1_2' title="bbox 63 417 1031 3565">
    <p class='ocr_par' dir='ltr' id='par_1_2' title="bbox 63 417 1031 3565">
     <span class='ocr_line' id='line_1_2' title="bbox 98 417 867 503; baseline 0.001 -22"><span class='ocrx_word' id='word_1_5' title='bbox 98 419 121 481; x_wconf 91' lang='lat' dir='ltr'><strong>J</strong></span> <span class='ocrx_word' id='word_1_6' title='bbox 122 423 255 481; x_wconf 87' lang='lat' dir='ltr'>actatum</span> <span class='ocrx_word' id='word_1_7' title='bbox 271 424 360 482; x_wconf 88' lang='lat' dir='ltr'>vento</span> <span class='ocrx_word' id='word_1_8' title='bbox 375 418 486 498; x_wconf 87' lang='lat' dir='ltr'>videat,</span> <span class='ocrx_word' id='word_1_9' title='bbox 502 417 712 503; x_wconf 78' lang='lat' dir='ltr'><strong>Phrygiasque</strong></span> <span class='ocrx_word' id='word_1_10' title='bbox 727 417 867 496; x_wconf 90' lang='lat' dir='ltr'>biremes,</span> 
     </span>
     <span class='ocr_line' id='line_1_3' title="bbox 97 503 914 588; baseline 0 -22"><span class='ocrx_word' id='word_1_11' title='bbox 97 503 165 567; x_wconf 91' lang='lat' dir='ltr'>Aut</span> <span class='ocrx_word' id='word_1_12' title='bbox 180 503 297 588; x_wconf 82' lang='lat' dir='ltr'>Capyn,</span> <span class='ocrx_word' id='word_1_13' title='bbox 313 511 366 566; x_wconf 94' lang='lat' dir='ltr'>aut</span> <span class='ocrx_word' id='word_1_14' title='bbox 379 505 464 567; x_wconf 86' lang='lat' dir='ltr'>celsis</span> <span class='ocrx_word' id='word_1_15' title='bbox 479 504 510 566; x_wconf 91' lang='lat' dir='ltr'>in</span> <span class='ocrx_word' id='word_1_16' title='bbox 525 505 672 587; x_wconf 87' lang='lat' dir='ltr'>puppibus</span> <span class='ocrx_word' id='word_1_17' title='bbox 688 525 771 566; x_wconf 92' lang='lat' dir='ltr'>arma</span> <span class='ocrx_word' id='word_1_18' title='bbox 787 503 880 566; x_wconf 86' lang='lat' dir='ltr'>Caici.</span> <span class='ocrx_word' id='word_1_19' title='bbox 911 551 914 558; x_wconf 82' lang='grc'>.</span> 
     </span>
     <span class='ocr_line' id='line_1_4' title="bbox 98 589 873 672; baseline 0.001 -21"><span class='ocrx_word' id='word_1_20' title='bbox 98 589 217 652; x_wconf 84' lang='lat' dir='ltr'>Navem</span> <span class='ocrx_word' id='word_1_21' title='bbox 232 590 263 651; x_wconf 91' lang='lat' dir='ltr'>in</span> <span class='ocrx_word' id='word_1_22' title='bbox 277 598 439 672; x_wconf 88' lang='lat' dir='ltr'>conspectu</span> <span class='ocrx_word' id='word_1_23' title='bbox 453 591 576 667; x_wconf 90' lang='lat' dir='ltr'>nullam,</span> <span class='ocrx_word' id='word_1_24' title='bbox 592 596 653 651; x_wconf 87' lang='lat' dir='ltr'>tres</span> <span class='ocrx_word' id='word_1_25' title='bbox 668 589 753 651; x_wconf 87' lang='lat' dir='ltr'>litore</span> <span class='ocrx_word' id='word_1_26' title='bbox 769 609 873 652; x_wconf 85' lang='lat' dir='ltr'>cervos</span> 
     </span>
     <span class='ocr_line' id='line_1_5' title="bbox 98 674 909 757; baseline 0 -21"><span class='ocrx_word' id='word_1_27' title='bbox 98 674 248 756; x_wconf 89' lang='lat' dir='ltr'>Prospicit</span> <span class='ocrx_word' id='word_1_28' title='bbox 262 681 397 736; x_wconf 90' lang='lat' dir='ltr'>errantes</span> <span class='ocrx_word' id='word_1_29' title='bbox 410 695 418 750; x_wconf 94' lang='lat'>;</span> <span class='ocrx_word' id='word_1_30' title='bbox 441 675 494 737; x_wconf 90' lang='lat' dir='ltr'>hos</span> <span class='ocrx_word' id='word_1_31' title='bbox 509 680 572 736; x_wconf 92' lang='lat' dir='ltr'>tota</span> <span class='ocrx_word' id='word_1_32' title='bbox 591 681 727 736; x_wconf 86' lang='lat' dir='ltr'>armenta</span> <span class='ocrx_word' id='word_1_33' title='bbox 741 681 909 757; x_wconf 87' lang='lat' dir='ltr'>sequuntur</span> 
     </span>
     <span class='ocr_line' id='line_1_6' title="bbox 96 758 878 842; baseline 0 -22"><span class='ocrx_word' id='word_1_34' title='bbox 96 758 128 820; x_wconf 97' lang='lat' dir='ltr'>A</span> <span class='ocrx_word' id='word_1_35' title='bbox 144 767 240 841; x_wconf 89' lang='lat' dir='ltr'>tergo,</span> <span class='ocrx_word' id='word_1_36' title='bbox 256 766 288 821; x_wconf 94' lang='lat' dir='ltr'>et</span> <span class='ocrx_word' id='word_1_37' title='bbox 300 759 421 841; x_wconf 92' lang='lat' dir='ltr'>longum</span> <span class='ocrx_word' id='word_1_38' title='bbox 436 781 491 842; x_wconf 91' lang='lat' dir='ltr'>per</span> <span class='ocrx_word' id='word_1_39' title='bbox 505 760 597 822; x_wconf 87' lang='lat' dir='ltr'>valles</span> <span class='ocrx_word' id='word_1_40' title='bbox 612 760 744 842; x_wconf 90' lang='lat' dir='ltr'>pascitur</span> <span class='ocrx_word' id='word_1_41' title='bbox 759 780 878 841; x_wconf 87' lang='lat' dir='ltr'>agmen.</span> 
     </span>
     <span class='ocr_line' id='line_1_7' title="bbox 99 843 928 926; baseline 0 -20"><span class='ocrx_word' id='word_1_42' title='bbox 99 843 238 906; x_wconf 87' lang='lat' dir='ltr'>Constitit</span> <span class='ocrx_word' id='word_1_43' title='bbox 252 844 313 922; x_wconf 91' lang='lat' dir='ltr'>hic,</span> <span class='ocrx_word' id='word_1_44' title='bbox 329 865 489 926; x_wconf 87' lang='lat' dir='ltr'>arcumque</span> <span class='ocrx_word' id='word_1_45' title='bbox 506 865 597 906; x_wconf 85' lang='lat' dir='ltr'>manu</span> <span class='ocrx_word' id='word_1_46' title='bbox 614 846 786 926; x_wconf 75' lang='lat' dir='ltr'>celeresque</span> <span class='ocrx_word' id='word_1_47' title='bbox 803 845 928 925; x_wconf 88' lang='lat' dir='ltr'>sagittas</span> 
     </span>
     <span class='ocr_line' id='line_1_8' title="bbox 99 928 849 1012; baseline 0.001 -22"><span class='ocrx_word' id='word_1_48' title='bbox 99 928 250 1011; x_wconf 82' lang='lat' dir='ltr'>Corripuit</span> <span class='ocrx_word' id='word_1_49' title='bbox 263 949 271 1004; x_wconf 92' lang='lat'>;</span> <span class='ocrx_word' id='word_1_50' title='bbox 293 930 371 992; x_wconf 90' lang='lat' dir='ltr'>fidus</span> <span class='ocrx_word' id='word_1_51' title='bbox 386 950 463 1012; x_wconf 90' lang='lat' dir='ltr'>quae</span> <span class='ocrx_word' id='word_1_52' title='bbox 478 930 540 992; x_wconf 91' lang='lat' dir='ltr'>tela</span> <span class='ocrx_word' id='word_1_53' title='bbox 554 930 679 1010; x_wconf 89' lang='lat' dir='ltr'>gerebat</span> <span class='ocrx_word' id='word_1_54' title='bbox 693 928 828 991; x_wconf 90' lang='lat' dir='ltr'>Achates</span> <span class='ocrx_word' id='word_1_55' title='bbox 841 949 849 1004; x_wconf 92' lang='lat'>;</span> 
     </span>
     <span class='ocr_line' id='line_1_9' title="bbox 97 1014 890 1097; baseline 0 -21"><span class='ocrx_word' id='word_1_56' title='bbox 97 1015 305 1097; x_wconf 89' lang='lat' dir='ltr'>Ductoresque</span> <span class='ocrx_word' id='word_1_57' title='bbox 320 1014 399 1097; x_wconf 90' lang='lat' dir='ltr'>ipsos</span> <span class='ocrx_word' id='word_1_58' title='bbox 414 1015 552 1097; x_wconf 90' lang='lat' dir='ltr'>primum,</span> <span class='ocrx_word' id='word_1_59' title='bbox 568 1015 668 1096; x_wconf 90' lang='lat' dir='ltr'>capita</span> <span class='ocrx_word' id='word_1_60' title='bbox 682 1015 744 1076; x_wconf 91' lang='lat' dir='ltr'>alta</span> <span class='ocrx_word' id='word_1_61' title='bbox 758 1014 890 1076; x_wconf 86' lang='lat' dir='ltr'>ferentes</span> 
     </span>
     <span class='ocr_line' id='line_1_10' title="bbox 99 1098 928 1181; baseline -0.001 -20"><span class='ocrx_word' id='word_1_62' title='bbox 99 1098 244 1161; x_wconf 89' lang='lat' dir='ltr'>Cornibus</span> <span class='ocrx_word' id='word_1_63' title='bbox 260 1100 402 1179; x_wconf 90' lang='lat' dir='ltr'>arboreis,</span> <span class='ocrx_word' id='word_1_64' title='bbox 418 1100 535 1177; x_wconf 77' lang='lat' dir='ltr'>sternit,</span> <span class='ocrx_word' id='word_1_65' title='bbox 550 1106 615 1161; x_wconf 92' lang='lat' dir='ltr'>tum</span> <span class='ocrx_word' id='word_1_66' title='bbox 629 1101 749 1181; x_wconf 86' lang='lat' dir='ltr'>vulgus,</span> <span class='ocrx_word' id='word_1_67' title='bbox 766 1105 797 1162; x_wconf 91' lang='lat' dir='ltr'>et</span> <span class='ocrx_word' id='word_1_68' title='bbox 811 1119 928 1162; x_wconf 91' lang='lat' dir='ltr'>omnem</span> 
     </span>
     <span class='ocr_line' id='line_1_11' title="bbox 97 1183 909 1266; baseline 0.001 -22"><span class='ocrx_word' id='word_1_69' title='bbox 97 1183 209 1248; x_wconf 81' lang='lat' dir='ltr'>Miscet</span> <span class='ocrx_word' id='word_1_70' title='bbox 224 1205 316 1266; x_wconf 86' lang='lat' dir='ltr'>agens</span> <span class='ocrx_word' id='word_1_71' title='bbox 331 1185 398 1247; x_wconf 91' lang='lat' dir='ltr'>telis</span> <span class='ocrx_word' id='word_1_72' title='bbox 413 1205 535 1247; x_wconf 90' lang='lat' dir='ltr'>nemora</span> <span class='ocrx_word' id='word_1_73' title='bbox 549 1184 627 1247; x_wconf 90' lang='lat' dir='ltr'>inter</span> <span class='ocrx_word' id='word_1_74' title='bbox 641 1184 766 1247; x_wconf 88' lang='lat' dir='ltr'>frondea</span> <span class='ocrx_word' id='word_1_75' title='bbox 780 1185 909 1247; x_wconf 89' lang='lat' dir='ltr'>turbam.</span> 
     </span>
     <span class='ocr_line' id='line_1_12' title="bbox 97 1268 897 1352; baseline 0 -22"><span class='ocrx_word' id='word_1_76' title='bbox 97 1268 165 1330; x_wconf 89' lang='lat' dir='ltr'>Nec</span> <span class='ocrx_word' id='word_1_77' title='bbox 180 1269 261 1352; x_wconf 91' lang='lat' dir='ltr'>prius</span> <span class='ocrx_word' id='word_1_78' title='bbox 276 1269 402 1348; x_wconf 88' lang='lat' dir='ltr'>absistit,</span> <span class='ocrx_word' id='word_1_79' title='bbox 418 1291 508 1352; x_wconf 91' lang='lat' dir='ltr'>quam</span> <span class='ocrx_word' id='word_1_80' title='bbox 522 1276 638 1351; x_wconf 86' lang='lat' dir='ltr'>septem</span> <span class='ocrx_word' id='word_1_81' title='bbox 652 1269 786 1351; x_wconf 92' lang='lat' dir='ltr'>ingentia</span> <span class='ocrx_word' id='word_1_82' title='bbox 801 1270 897 1332; x_wconf 87' lang='lat' dir='ltr'>victor</span> 
     </span>
     <span class='ocr_line' id='line_1_13' title="bbox 98 1353 1031 1437; baseline -0.001 -21"><span class='ocrx_word' id='word_1_83' title='bbox 98 1353 231 1437; x_wconf 88' lang='lat' dir='ltr'>Corpora</span> <span class='ocrx_word' id='word_1_84' title='bbox 245 1353 352 1416; x_wconf 90' lang='lat' dir='ltr'>fundat</span> <span class='ocrx_word' id='word_1_85' title='bbox 365 1355 458 1433; x_wconf 93' lang='lat' dir='ltr'>humi,</span> <span class='ocrx_word' id='word_1_86' title='bbox 473 1361 504 1417; x_wconf 91' lang='lat' dir='ltr'>et</span> <span class='ocrx_word' id='word_1_87' title='bbox 518 1375 675 1416; x_wconf 90' lang='lat' dir='ltr'>numerum</span> <span class='ocrx_word' id='word_1_88' title='bbox 690 1376 759 1416; x_wconf 92' lang='lat' dir='ltr'>cum</span> <span class='ocrx_word' id='word_1_89' title='bbox 771 1355 897 1422; x_wconf 80' lang='lat' dir='ltr'>navibus</span> <span class='ocrx_word' id='word_1_90' title='bbox 912 1360 1031 1436; x_wconf 81' lang='lat' dir='ltr'>aequet.</span> 
     </span>
     <span class='ocr_line' id='line_1_14' title="bbox 96 1439 884 1523; baseline 0.001 -21"><span class='ocrx_word' id='word_1_91' title='bbox 96 1439 178 1502; x_wconf 92' lang='lat' dir='ltr'>Hinc</span> <span class='ocrx_word' id='word_1_92' title='bbox 194 1445 311 1522; x_wconf 92' lang='lat' dir='ltr'>portum</span> <span class='ocrx_word' id='word_1_93' title='bbox 327 1440 413 1523; x_wconf 92' lang='lat' dir='ltr'>petit,</span> <span class='ocrx_word' id='word_1_94' title='bbox 429 1446 460 1502; x_wconf 92' lang='lat' dir='ltr'>et</span> <span class='ocrx_word' id='word_1_95' title='bbox 474 1440 569 1502; x_wconf 90' lang='lat' dir='ltr'>socios</span> <span class='ocrx_word' id='word_1_96' title='bbox 584 1439 713 1522; x_wconf 86' lang='lat' dir='ltr'>partitur</span> <span class='ocrx_word' id='word_1_97' title='bbox 726 1440 758 1502; x_wconf 92' lang='lat' dir='ltr'>in</span> <span class='ocrx_word' id='word_1_98' title='bbox 772 1460 884 1503; x_wconf 91' lang='lat' dir='ltr'>omues.</span> 
     </span>
     <span class='ocr_line' id='line_1_15' title="bbox 97 1523 897 1607; baseline 0.003 -21"><span class='ocrx_word' id='word_1_99' title='bbox 97 1523 179 1586; x_wconf 74' lang='lat' dir='ltr'>Vina</span> <span class='ocrx_word' id='word_1_100' title='bbox 192 1525 287 1587; x_wconf 92' lang='lat' dir='ltr'>bonus</span> <span class='ocrx_word' id='word_1_101' title='bbox 302 1545 378 1607; x_wconf 86' lang='lat' dir='ltr'>quae</span> <span class='ocrx_word' id='word_1_102' title='bbox 394 1523 502 1587; x_wconf 90' lang='lat' dir='ltr'>deinde</span> <span class='ocrx_word' id='word_1_103' title='bbox 518 1524 600 1587; x_wconf 89' lang='lat' dir='ltr'>cadis</span> <span class='ocrx_word' id='word_1_104' title='bbox 615 1531 754 1587; x_wconf 81' lang='lat' dir='ltr'>onerarat</span> <span class='ocrx_word' id='word_1_105' title='bbox 768 1524 897 1588; x_wconf 86' lang='lat' dir='ltr'>Acestes</span> 
     </span>
     <span class='ocr_line' id='line_1_16' title="bbox 97 1607 883 1693; baseline 0.003 -21"><span class='ocrx_word' id='word_1_106' title='bbox 97 1607 199 1672; x_wconf 89' lang='lat' dir='ltr'>Litore</span> <span class='ocrx_word' id='word_1_107' title='bbox 214 1610 377 1688; x_wconf 76' lang='lat' dir='ltr'>Trinacrio,</span> <span class='ocrx_word' id='word_1_108' title='bbox 393 1610 578 1693; x_wconf 86' lang='lat' dir='ltr'>dederatque</span> <span class='ocrx_word' id='word_1_109' title='bbox 593 1610 770 1672; x_wconf 89' lang='lat' dir='ltr'>abeuntibus</span> <span class='ocrx_word' id='word_1_110' title='bbox 785 1611 883 1690; x_wconf 89' lang='lat' dir='ltr'>heros,</span> 
     </span>
     <span class='ocr_line' id='line_1_17' title="bbox 97 1693 829 1778; baseline 0.004 -22"><span class='ocrx_word' id='word_1_111' title='bbox 97 1693 223 1774; x_wconf 87' lang='lat' dir='ltr'>Dividit,</span> <span class='ocrx_word' id='word_1_112' title='bbox 240 1701 270 1757; x_wconf 89' lang='lat' dir='ltr'>et</span> <span class='ocrx_word' id='word_1_113' title='bbox 285 1695 372 1758; x_wconf 91' lang='lat' dir='ltr'>dictis</span> <span class='ocrx_word' id='word_1_114' title='bbox 386 1696 551 1758; x_wconf 90' lang='lat' dir='ltr'>maerentia</span> <span class='ocrx_word' id='word_1_115' title='bbox 564 1701 687 1778; x_wconf 85' lang='lat' dir='ltr'>pectora</span> <span class='ocrx_word' id='word_1_116' title='bbox 700 1696 829 1759; x_wconf 88' lang='lat' dir='ltr'>mulcet:</span> 
     </span>
     <span class='ocr_line' id='line_1_18' title="bbox 65 1777 1005 1863; baseline 0.002 -23"><span class='ocrx_word' id='word_1_117' title='bbox 65 1780 68 1785; x_wconf 80' lang='lat'>&#39;</span> <span class='ocrx_word' id='word_1_118' title='bbox 83 1777 125 1840; x_wconf 61' lang='lat'>”0</span> <span class='ocrx_word' id='word_1_119' title='bbox 142 1781 223 1858; x_wconf 90' lang='lat' dir='ltr'>socii,</span> <span class='ocrx_word' id='word_1_120' title='bbox 234 1815 277 1825; x_wconf 97' lang='lat'><em>-</em></span> <span class='ocrx_word' id='word_1_121' title='bbox 288 1801 385 1863; x_wconf 89' lang='lat' dir='ltr'>neque</span> <span class='ocrx_word' id='word_1_122' title='bbox 400 1781 479 1843; x_wconf 90' lang='lat' dir='ltr'>enim</span> <span class='ocrx_word' id='word_1_123' title='bbox 493 1780 590 1862; x_wconf 83' lang='lat' dir='ltr'>ignari</span> <span class='ocrx_word' id='word_1_124' title='bbox 604 1781 705 1843; x_wconf 90' lang='lat' dir='ltr'>sumus</span> <span class='ocrx_word' id='word_1_125' title='bbox 720 1787 790 1844; x_wconf 88' lang='lat' dir='ltr'>ante</span> <span class='ocrx_word' id='word_1_126' title='bbox 805 1782 951 1844; x_wconf 89' lang='lat' dir='ltr'>malorum</span> <span class='ocrx_word' id='word_1_127' title='bbox 962 1812 1005 1825; x_wconf 93' lang='lat'>-</span> 
     </span>
     <span class='ocr_line' id='line_1_19' title="bbox 99 1861 876 1948; baseline 0 -21"><span class='ocrx_word' id='word_1_128' title='bbox 99 1861 126 1926; x_wconf 89' lang='grc' dir='ltr'><strong>Ο</strong></span> <span class='ocrx_word' id='word_1_129' title='bbox 142 1866 220 1948; x_wconf 89' lang='lat' dir='ltr'>passi</span> <span class='ocrx_word' id='word_1_130' title='bbox 235 1866 382 1947; x_wconf 84' lang='lat' dir='ltr'>graviora,</span> <span class='ocrx_word' id='word_1_131' title='bbox 400 1865 482 1928; x_wconf 92' lang='lat' dir='ltr'>dabit</span> <span class='ocrx_word' id='word_1_132' title='bbox 496 1867 570 1928; x_wconf 89' lang='lat' dir='ltr'>deus</span> <span class='ocrx_word' id='word_1_133' title='bbox 583 1866 628 1928; x_wconf 90' lang='lat' dir='ltr'>his</span> <span class='ocrx_word' id='word_1_134' title='bbox 643 1887 762 1948; x_wconf 92' lang='lat' dir='ltr'>quoque</span> <span class='ocrx_word' id='word_1_135' title='bbox 776 1866 876 1928; x_wconf 90' lang='lat' dir='ltr'>finem.</span> 
     </span>
     <span class='ocr_line' id='line_1_20' title="bbox 97 1949 869 2034; baseline 0.001 -21"><span class='ocrx_word' id='word_1_136' title='bbox 97 1950 162 2013; x_wconf 87' lang='lat' dir='ltr'>Vos</span> <span class='ocrx_word' id='word_1_137' title='bbox 178 1958 209 2013; x_wconf 91' lang='lat' dir='ltr'>et</span> <span class='ocrx_word' id='word_1_138' title='bbox 225 1949 394 2034; x_wconf 79' lang='lat' dir='ltr'>Scyllaeam</span> <span class='ocrx_word' id='word_1_139' title='bbox 409 1952 522 2014; x_wconf 87' lang='lat' dir='ltr'>rabiem</span> <span class='ocrx_word' id='word_1_140' title='bbox 536 1951 714 2034; x_wconf 90' lang='lat' dir='ltr'>penitusque</span> <span class='ocrx_word' id='word_1_141' title='bbox 729 1958 869 2014; x_wconf 89' lang='lat' dir='ltr'>sonantes</span> 
     </span>
     <span class='ocr_line' id='line_1_21' title="bbox 96 2035 775 2120; baseline 0.001 -23"><span class='ocrx_word' id='word_1_142' title='bbox 96 2035 235 2099; x_wconf 92' lang='lat' dir='ltr'>Accestis</span> <span class='ocrx_word' id='word_1_143' title='bbox 251 2037 386 2119; x_wconf 90' lang='lat' dir='ltr'>scopulos</span> <span class='ocrx_word' id='word_1_144' title='bbox 400 2057 408 2112; x_wconf 83' lang='lat'><em>3</em></span> <span class='ocrx_word' id='word_1_145' title='bbox 431 2058 483 2100; x_wconf 87' lang='lat' dir='ltr'>vos</span> <span class='ocrx_word' id='word_1_146' title='bbox 497 2043 530 2100; x_wconf 94' lang='lat' dir='ltr'>et</span> <span class='ocrx_word' id='word_1_147' title='bbox 545 2036 689 2120; x_wconf 79' lang='lat' dir='ltr'>Cyclopia</span> <span class='ocrx_word' id='word_1_148' title='bbox 702 2057 775 2099; x_wconf 87' lang='lat' dir='ltr'>saxa</span> 
     </span>
     <span class='ocr_line' id='line_1_22' title="bbox 98 2121 943 2204; baseline 0.004 -22"><span class='ocrx_word' id='word_1_149' title='bbox 98 2121 233 2204; x_wconf 83' lang='lat' dir='ltr'>Experti.</span> <span class='ocrx_word' id='word_1_150' title='bbox 279 2122 432 2186; x_wconf 86' lang='lat' dir='ltr'>Revocate</span> <span class='ocrx_word' id='word_1_151' title='bbox 447 2123 570 2200; x_wconf 88' lang='lat' dir='ltr'>animos,</span> <span class='ocrx_word' id='word_1_152' title='bbox 585 2129 791 2204; x_wconf 89' lang='lat' dir='ltr'>maestumque</span> <span class='ocrx_word' id='word_1_153' title='bbox 806 2121 943 2185; x_wconf 89' lang='lat' dir='ltr'>timorem</span> 
     </span>
     <span class='ocr_line' id='line_1_23' title="bbox 97 2206 920 2291; baseline 0.001 -24"><span class='ocrx_word' id='word_1_154' title='bbox 97 2206 222 2268; x_wconf 90' lang='lat' dir='ltr'>Mittite.</span> <span class='ocrx_word' id='word_1_155' title='bbox 266 2206 382 2270; x_wconf 85' lang='lat' dir='ltr'>Forsan</span> <span class='ocrx_word' id='word_1_156' title='bbox 396 2214 428 2270; x_wconf 91' lang='lat' dir='ltr'>et</span> <span class='ocrx_word' id='word_1_157' title='bbox 441 2209 516 2271; x_wconf 92' lang='lat' dir='ltr'>haec</span> <span class='ocrx_word' id='word_1_158' title='bbox 532 2208 600 2271; x_wconf 88' lang='lat' dir='ltr'>olim</span> <span class='ocrx_word' id='word_1_159' title='bbox 614 2207 781 2269; x_wconf 86' lang='lat' dir='ltr'>meminisse</span> <span class='ocrx_word' id='word_1_160' title='bbox 792 2207 920 2291; x_wconf 89' lang='lat' dir='ltr'>juvabit.</span> 
     </span>
     <span class='ocr_line' id='line_1_24' title="bbox 98 2290 822 2376; baseline 0.001 -24"><span class='ocrx_word' id='word_1_161' title='bbox 98 2290 158 2353; x_wconf 91' lang='lat' dir='ltr'>Per</span> <span class='ocrx_word' id='word_1_162' title='bbox 173 2292 269 2354; x_wconf 90' lang='lat' dir='ltr'>varios</span> <span class='ocrx_word' id='word_1_163' title='bbox 285 2312 383 2370; x_wconf 88' lang='lat' dir='ltr'>casus,</span> <span class='ocrx_word' id='word_1_164' title='bbox 397 2313 454 2376; x_wconf 90' lang='lat' dir='ltr'>per</span> <span class='ocrx_word' id='word_1_165' title='bbox 467 2299 512 2355; x_wconf 89' lang='lat' dir='ltr'>tot</span> <span class='ocrx_word' id='word_1_166' title='bbox 527 2293 697 2355; x_wconf 88' lang='lat' dir='ltr'>discrimina</span> <span class='ocrx_word' id='word_1_167' title='bbox 710 2313 822 2370; x_wconf 90' lang='lat' dir='ltr'>rerum,</span> 
     </span>
     <span class='ocr_line' id='line_1_25' title="bbox 98 2375 844 2460; baseline 0.004 -23"><span class='ocrx_word' id='word_1_168' title='bbox 98 2375 260 2439; x_wconf 82' lang='lat' dir='ltr'>Tendimus</span> <span class='ocrx_word' id='word_1_169' title='bbox 274 2377 306 2439; x_wconf 92' lang='lat' dir='ltr'>in</span> <span class='ocrx_word' id='word_1_170' title='bbox 320 2376 460 2440; x_wconf 88' lang='lat' dir='ltr'>Latium:</span> <span class='ocrx_word' id='word_1_171' title='bbox 483 2378 570 2440; x_wconf 89' lang='lat' dir='ltr'>sedes</span> <span class='ocrx_word' id='word_1_172' title='bbox 585 2379 636 2440; x_wconf 94' lang='lat' dir='ltr'>ubi</span> <span class='ocrx_word' id='word_1_173' title='bbox 649 2378 713 2440; x_wconf 87' lang='lat' dir='ltr'>fata</span> <span class='ocrx_word' id='word_1_174' title='bbox 727 2377 844 2460; x_wconf 88' lang='lat' dir='ltr'>quietas</span> 
     </span>
     <span class='ocr_line' id='line_1_26' title="bbox 99 2459 849 2546; baseline 0 -22"><span class='ocrx_word' id='word_1_175' title='bbox 99 2459 291 2525; x_wconf 86' lang='lat' dir='ltr'>Ostendunt:</span> <span class='ocrx_word' id='word_1_176' title='bbox 314 2463 374 2526; x_wconf 91' lang='lat' dir='ltr'>illic</span> <span class='ocrx_word' id='word_1_177' title='bbox 389 2464 435 2527; x_wconf 85' lang='lat' dir='ltr'>fas</span> <span class='ocrx_word' id='word_1_178' title='bbox 450 2485 544 2545; x_wconf 86' lang='lat' dir='ltr'>regna</span> <span class='ocrx_word' id='word_1_179' title='bbox 558 2483 716 2546; x_wconf 82' lang='lat' dir='ltr'>resurgere</span> <span class='ocrx_word' id='word_1_180' title='bbox 732 2463 849 2546; x_wconf 79' lang='lat' dir='ltr'>Trojae.</span> 
     </span>
     <span class='ocr_line' id='line_1_27' title="bbox 99 2547 807 2627; baseline -0.001 -17"><span class='ocrx_word' id='word_1_181' title='bbox 99 2547 228 2627; x_wconf 87' lang='lat' dir='ltr'>Durate,</span> <span class='ocrx_word' id='word_1_182' title='bbox 243 2555 275 2610; x_wconf 90' lang='lat' dir='ltr'>et</span> <span class='ocrx_word' id='word_1_183' title='bbox 289 2555 403 2621; x_wconf 88' lang='lat' dir='ltr'>vosmet</span> <span class='ocrx_word' id='word_1_184' title='bbox 417 2550 506 2612; x_wconf 88' lang='lat' dir='ltr'>rebus</span> <span class='ocrx_word' id='word_1_185' title='bbox 523 2555 641 2611; x_wconf 88' lang='lat' dir='ltr'>servate</span> <span class='ocrx_word' id='word_1_186' title='bbox 657 2547 807 2611; x_wconf 89' lang='lat' dir='ltr'>secundis.</span> 
     </span>
     <span class='ocr_line' id='line_1_28' title="bbox 63 2633 896 2716; baseline 0.001 -22"><span class='ocrx_word' id='word_1_187' title='bbox 63 2660 74 2667; x_wconf 94' lang='lat'>··</span> <span class='ocrx_word' id='word_1_188' title='bbox 97 2670 101 2677; x_wconf 90' lang='lat'><strong>·</strong></span> <span class='ocrx_word' id='word_1_189' title='bbox 141 2633 226 2695; x_wconf 82' lang='lat' dir='ltr'>Talia</span> <span class='ocrx_word' id='word_1_190' title='bbox 240 2654 312 2696; x_wconf 87' lang='lat' dir='ltr'>voce</span> <span class='ocrx_word' id='word_1_191' title='bbox 328 2635 442 2710; x_wconf 81' lang='lat' dir='ltr'>refert3</span> <span class='ocrx_word' id='word_1_192' title='bbox 466 2635 603 2716; x_wconf 89' lang='lat' dir='ltr'>curisque</span> <span class='ocrx_word' id='word_1_193' title='bbox 619 2634 789 2716; x_wconf 85' lang='lat' dir='ltr'>ingentibus</span> <span class='ocrx_word' id='word_1_194' title='bbox 804 2653 896 2715; x_wconf 84' lang='lat' dir='ltr'>aeger</span> 
     </span>
     <span class='ocr_line' id='line_1_29' title="bbox 100 2714 927 2802; baseline 0 -23"><span class='ocrx_word' id='word_1_195' title='bbox 100 2714 192 2800; x_wconf 79' lang='lat' dir='ltr'>Spem</span> <span class='ocrx_word' id='word_1_196' title='bbox 206 2719 292 2781; x_wconf 88' lang='lat' dir='ltr'>vultu</span> <span class='ocrx_word' id='word_1_197' title='bbox 305 2719 434 2798; x_wconf 91' lang='lat' dir='ltr'>simulat,</span> <span class='ocrx_word' id='word_1_198' title='bbox 449 2720 558 2802; x_wconf 91' lang='lat' dir='ltr'>premit</span> <span class='ocrx_word' id='word_1_199' title='bbox 573 2720 666 2781; x_wconf 89' lang='lat' dir='ltr'>altum</span> <span class='ocrx_word' id='word_1_200' title='bbox 681 2718 770 2782; x_wconf 91' lang='lat' dir='ltr'>corde</span> <span class='ocrx_word' id='word_1_201' title='bbox 786 2718 927 2781; x_wconf 91' lang='lat' dir='ltr'>dolorem.</span> 
     </span>
     <span class='ocr_line' id='line_1_30' title="bbox 98 2802 858 2886; baseline 0.003 -22"><span class='ocrx_word' id='word_1_202' title='bbox 98 2802 148 2864; x_wconf 90' lang='lat' dir='ltr'>Illi</span> <span class='ocrx_word' id='word_1_203' title='bbox 162 2823 194 2864; x_wconf 91' lang='lat' dir='ltr'>se</span> <span class='ocrx_word' id='word_1_204' title='bbox 210 2803 340 2886; x_wconf 88' lang='lat' dir='ltr'>praedae</span> <span class='ocrx_word' id='word_1_205' title='bbox 356 2805 518 2886; x_wconf 88' lang='lat' dir='ltr'>accingunt</span> <span class='ocrx_word' id='word_1_206' title='bbox 532 2805 717 2886; x_wconf 91' lang='lat' dir='ltr'>dapibusque</span> <span class='ocrx_word' id='word_1_207' title='bbox 731 2804 858 2866; x_wconf 87' lang='lat' dir='ltr'>futuris:</span> 
     </span>
     <span class='ocr_line' id='line_1_31' title="bbox 99 2887 840 2970; baseline 0 -20"><span class='ocrx_word' id='word_1_208' title='bbox 99 2888 232 2969; x_wconf 79' lang='lat' dir='ltr'>Tergora</span> <span class='ocrx_word' id='word_1_209' title='bbox 248 2887 399 2970; x_wconf 89' lang='lat' dir='ltr'>deripiunt</span> <span class='ocrx_word' id='word_1_210' title='bbox 415 2890 514 2968; x_wconf 92' lang='lat' dir='ltr'>costis,</span> <span class='ocrx_word' id='word_1_211' title='bbox 530 2896 562 2951; x_wconf 90' lang='lat' dir='ltr'>et</span> <span class='ocrx_word' id='word_1_212' title='bbox 576 2890 693 2953; x_wconf 89' lang='lat' dir='ltr'>viscera</span> <span class='ocrx_word' id='word_1_213' title='bbox 706 2890 840 2964; x_wconf 91' lang='lat' dir='ltr'>nudant;</span> 
     </span>
     <span class='ocr_line' id='line_1_32' title="bbox 98 2972 977 3057; baseline 0 -23"><span class='ocrx_word' id='word_1_214' title='bbox 98 2972 175 3035; x_wconf 88' lang='lat' dir='ltr'>Pars</span> <span class='ocrx_word' id='word_1_215' title='bbox 190 2973 221 3034; x_wconf 92' lang='lat' dir='ltr'>in</span> <span class='ocrx_word' id='word_1_216' title='bbox 235 2973 333 3036; x_wconf 77' lang='lat' dir='ltr'>fnrsta</span> <span class='ocrx_word' id='word_1_217' title='bbox 347 2980 462 3053; x_wconf 92' lang='lat' dir='ltr'>secant,</span> <span class='ocrx_word' id='word_1_218' title='bbox 477 2975 667 3057; x_wconf 83' lang='lat' dir='ltr'>verubusque</span> <span class='ocrx_word' id='word_1_219' title='bbox 684 2975 844 3037; x_wconf 89' lang='lat' dir='ltr'>trementia</span> <span class='ocrx_word' id='word_1_220' title='bbox 857 2973 956 3056; x_wconf 88' lang='lat' dir='ltr'>figunt</span> <span class='ocrx_word' id='word_1_221' title='bbox 969 2991 977 3047; x_wconf 92' lang='lat'><strong>;</strong></span> 
     </span>
     <span class='ocr_line' id='line_1_33' title="bbox 99 3058 912 3143; baseline 0.002 -24"><span class='ocrx_word' id='word_1_222' title='bbox 99 3058 200 3120; x_wconf 87' lang='lat' dir='ltr'>Litore</span> <span class='ocrx_word' id='word_1_223' title='bbox 217 3058 313 3120; x_wconf 90' lang='lat' dir='ltr'>ahena</span> <span class='ocrx_word' id='word_1_224' title='bbox 326 3060 426 3122; x_wconf 90' lang='lat' dir='ltr'>locant</span> <span class='ocrx_word' id='word_1_225' title='bbox 440 3060 501 3139; x_wconf 92' lang='lat' dir='ltr'>alii,</span> <span class='ocrx_word' id='word_1_226' title='bbox 515 3061 708 3143; x_wconf 86' lang='lat' dir='ltr'>flammasque</span> <span class='ocrx_word' id='word_1_227' title='bbox 722 3060 912 3134; x_wconf 81' lang='lat' dir='ltr'>ministrant3</span> 
     </span>
     <span class='ocr_line' id='line_1_34' title="bbox 99 3143 893 3228; baseline 0.001 -24"><span class='ocrx_word' id='word_1_228' title='bbox 99 3143 176 3204; x_wconf 79' lang='lat' dir='ltr'>Tum</span> <span class='ocrx_word' id='word_1_229' title='bbox 190 3143 273 3206; x_wconf 88' lang='lat' dir='ltr'>victu</span> <span class='ocrx_word' id='word_1_230' title='bbox 286 3151 428 3207; x_wconf 83' lang='lat' dir='ltr'>revocant</span> <span class='ocrx_word' id='word_1_231' title='bbox 443 3145 522 3207; x_wconf 81' lang='lat' dir='ltr'>vires</span> <span class='ocrx_word' id='word_1_232' title='bbox 535 3165 543 3221; x_wconf 92' lang='lat'>;</span> <span class='ocrx_word' id='word_1_233' title='bbox 566 3146 686 3228; x_wconf 91' lang='lat' dir='ltr'>fusique</span> <span class='ocrx_word' id='word_1_234' title='bbox 701 3166 756 3227; x_wconf 89' lang='lat' dir='ltr'>per</span> <span class='ocrx_word' id='word_1_235' title='bbox 769 3145 893 3207; x_wconf 89' lang='lat' dir='ltr'>herbam</span> 
     </span>
     <span class='ocr_line' id='line_1_35' title="bbox 98 3226 853 3313; baseline 0.005 -25"><span class='ocrx_word' id='word_1_236' title='bbox 98 3226 267 3309; x_wconf 90' lang='lat' dir='ltr'>Implentur</span> <span class='ocrx_word' id='word_1_237' title='bbox 282 3229 390 3291; x_wconf 88' lang='lat' dir='ltr'>veteris</span> <span class='ocrx_word' id='word_1_238' title='bbox 405 3230 520 3292; x_wconf 90' lang='lat' dir='ltr'>Bacchi</span> <span class='ocrx_word' id='word_1_239' title='bbox 534 3230 713 3313; x_wconf 89' lang='lat' dir='ltr'>pinguisque</span> <span class='ocrx_word' id='word_1_240' title='bbox 727 3230 853 3292; x_wconf 88' lang='lat' dir='ltr'>ferinae.</span> 
     </span>
     <span class='ocr_line' id='line_1_36' title="bbox 141 3312 1029 3397; baseline 0.002 -24"><span class='ocrx_word' id='word_1_241' title='bbox 141 3312 304 3395; x_wconf 90' lang='lat' dir='ltr'>Postquam</span> <span class='ocrx_word' id='word_1_242' title='bbox 319 3321 436 3376; x_wconf 84' lang='lat' dir='ltr'>exemta</span> <span class='ocrx_word' id='word_1_243' title='bbox 450 3315 544 3377; x_wconf 87' lang='lat' dir='ltr'>fames</span> <span class='ocrx_word' id='word_1_244' title='bbox 560 3315 665 3396; x_wconf 93' lang='lat' dir='ltr'>epulis,</span> <span class='ocrx_word' id='word_1_245' title='bbox 679 3335 860 3397; x_wconf 86' lang='lat' dir='ltr'>mensaeque</span> <span class='ocrx_word' id='word_1_246' title='bbox 876 3318 1029 3375; x_wconf 85' lang='lat' dir='ltr'>remotae:</span> 
     </span>
     <span class='ocr_line' id='line_1_37' title="bbox 98 3396 780 3483; baseline 0.003 -24"><span class='ocrx_word' id='word_1_247' title='bbox 98 3396 233 3460; x_wconf 90' lang='lat' dir='ltr'>Amissos</span> <span class='ocrx_word' id='word_1_248' title='bbox 247 3398 336 3479; x_wconf 92' lang='lat' dir='ltr'>longo</span> <span class='ocrx_word' id='word_1_249' title='bbox 351 3399 445 3461; x_wconf 90' lang='lat' dir='ltr'>socios</span> <span class='ocrx_word' id='word_1_250' title='bbox 460 3420 595 3462; x_wconf 87' lang='lat' dir='ltr'>sermone</span> <span class='ocrx_word' id='word_1_251' title='bbox 612 3401 780 3483; x_wconf 89' lang='lat' dir='ltr'>requirunt,</span> 
     </span>
     <span class='ocr_line' id='line_1_38' title="bbox 100 3480 978 3565; baseline 0 -20"><span class='ocrx_word' id='word_1_252' title='bbox 100 3480 251 3565; x_wconf 84' lang='lat' dir='ltr'>Spemque</span> <span class='ocrx_word' id='word_1_253' title='bbox 265 3490 437 3565; x_wconf 91' lang='lat' dir='ltr'>metumque</span> <span class='ocrx_word' id='word_1_254' title='bbox 452 3485 532 3547; x_wconf 90' lang='lat' dir='ltr'>inter</span> <span class='ocrx_word' id='word_1_255' title='bbox 546 3484 640 3562; x_wconf 88' lang='lat' dir='ltr'>dubii,</span> <span class='ocrx_word' id='word_1_256' title='bbox 655 3506 710 3547; x_wconf 88' lang='lat' dir='ltr'>seu</span> <span class='ocrx_word' id='word_1_257' title='bbox 724 3485 825 3548; x_wconf 86' lang='lat' dir='ltr'>vivere</span> <span class='ocrx_word' id='word_1_258' title='bbox 841 3482 978 3562; x_wconf 90' lang='lat' dir='ltr'>credant,</span> 
     </span>
    </p>
   </div>
   <div class='ocr_carea' id='block_1_3' title="bbox 98 3566 968 3906">
    <p class='ocr_par' dir='ltr' id='par_1_3' title="bbox 99 3566 855 3736">
     <span class='ocr_line' id='line_1_39' title="bbox 100 3566 855 3653; baseline 0.005 -25"><span class='ocrx_word' id='word_1_259' title='bbox 100 3566 170 3631; x_wconf 85' lang='lat' dir='ltr'>Sive</span> <span class='ocrx_word' id='word_1_260' title='bbox 186 3574 320 3630; x_wconf 84' lang='lat' dir='ltr'>extrema</span> <span class='ocrx_word' id='word_1_261' title='bbox 333 3569 407 3652; x_wconf 90' lang='lat' dir='ltr'>pati,</span> <span class='ocrx_word' id='word_1_262' title='bbox 422 3590 478 3633; x_wconf 90' lang='lat' dir='ltr'>nec</span> <span class='ocrx_word' id='word_1_263' title='bbox 488 3571 553 3653; x_wconf 89' lang='lat' dir='ltr'>jam</span> <span class='ocrx_word' id='word_1_264' title='bbox 568 3570 710 3632; x_wconf 85' lang='lat' dir='ltr'>exaudire</span> <span class='ocrx_word' id='word_1_265' title='bbox 724 3577 855 3632; x_wconf 86' lang='lat' dir='ltr'>vocatos.</span> 
     </span>
     <span class='ocr_line' id='line_1_40' title="bbox 99 3651 818 3736; baseline 0.006 -23"><span class='ocrx_word' id='word_1_266' title='bbox 99 3651 266 3735; x_wconf 88' lang='lat' dir='ltr'>Praecipue</span> <span class='ocrx_word' id='word_1_267' title='bbox 281 3653 348 3736; x_wconf 89' lang='lat' dir='ltr'>pius</span> <span class='ocrx_word' id='word_1_268' title='bbox 361 3654 494 3733; x_wconf 88' lang='lat' dir='ltr'>Aeneas,</span> <span class='ocrx_word' id='word_1_269' title='bbox 511 3675 591 3716; x_wconf 92' lang='lat' dir='ltr'>nunc</span> <span class='ocrx_word' id='word_1_270' title='bbox 607 3656 684 3718; x_wconf 87' lang='lat' dir='ltr'>acris</span> <span class='ocrx_word' id='word_1_271' title='bbox 700 3653 818 3733; x_wconf 91' lang='lat' dir='ltr'>Oronti,</span> 
     </span>
    </p>

    <p class='ocr_par' dir='ltr' id='par_1_4' title="bbox 99 3736 855 3821">
     <span class='ocr_line' id='line_1_41' title="bbox 99 3736 855 3821; baseline 0.005 -23"><span class='ocrx_word' id='word_1_272' title='bbox 99 3736 189 3799; x_wconf 92' lang='lat' dir='ltr'>Nunc</span> <span class='ocrx_word' id='word_1_273' title='bbox 206 3737 317 3821; x_wconf 85' lang='lat' dir='ltr'>Amyci</span> <span class='ocrx_word' id='word_1_274' title='bbox 334 3760 435 3802; x_wconf 88' lang='lat' dir='ltr'>casum</span> <span class='ocrx_word' id='word_1_275' title='bbox 451 3740 544 3821; x_wconf 86' lang='lat' dir='ltr'>gemit</span> <span class='ocrx_word' id='word_1_276' title='bbox 559 3745 591 3800; x_wconf 89' lang='lat' dir='ltr'>et</span> <span class='ocrx_word' id='word_1_277' title='bbox 606 3741 739 3803; x_wconf 89' lang='lat' dir='ltr'>crudelia</span> <span class='ocrx_word' id='word_1_278' title='bbox 753 3761 855 3803; x_wconf 91' lang='lat' dir='ltr'>secum</span> 
     </span>
    </p>

    <p class='ocr_par' dir='ltr' id='par_1_5' title="bbox 98 3820 968 3906">
     <span class='ocr_line' id='line_1_42' title="bbox 98 3820 968 3906; baseline 0.003 -23"><span class='ocrx_word' id='word_1_279' title='bbox 98 3821 176 3884; x_wconf 87' lang='lat' dir='ltr'>Fata</span> <span class='ocrx_word' id='word_1_280' title='bbox 191 3820 280 3902; x_wconf 85' lang='lat' dir='ltr'>Lyci,</span> <span class='ocrx_word' id='word_1_281' title='bbox 295 3823 462 3904; x_wconf 88' lang='lat' dir='ltr'>fortemque</span> <span class='ocrx_word' id='word_1_282' title='bbox 480 3824 581 3906; x_wconf 83' lang='lat' dir='ltr'>Gyan,</span> <span class='ocrx_word' id='word_1_283' title='bbox 596 3826 763 3906; x_wconf 88' lang='lat' dir='ltr'>fortemque</span> <span class='ocrx_word' id='word_1_284' title='bbox 780 3824 968 3888; x_wconf 81' lang='lat' dir='ltr'>Cloanthum.</span> 
     </span>
    </p>
   </div>
   <div class='ocr_carea' id='block_1_4' title="bbox 0 0 1252 4334">
    <p class='ocr_par' dir='ltr' id='par_1_6' title="bbox 0 0 1252 4334">
     <span class='ocr_line' id='line_1_43' title="bbox 0 0 1252 4334; baseline 0 0"><span class='ocrx_word' id='word_1_285' title='bbox 0 0 1252 4334; x_wconf 95' lang='lat' dir='ltr'> </span> 
     </span>
    </p>
   </div>
  </div>
 </body>
</html>
