2496 4334
449 315 611 372 AENEIDOS
633 316 698 362 ΗΒ.
721 315 783 362 ΧΠ.

100 471 275 535 Sermonem
290 471 418 535 Ausonii
432 473 562 556 patrium
576 491 732 553 moresque
748 468 904 548 tenebunt,

97 556 203 639 thue
220 563 276 636 est,
292 578 399 620 nomen
415 559 493 633 erit;
517 557 667 620 commixti
682 575 805 638 corpore
820 560 938 618 tantum

100 641 264 704 Subsident
279 643 398 705 Teucri.
445 643 562 712 Morem
577 643 712 724 ritusque
727 661 880 703 sacrorum

97 726 261 809 Adjioiam,
276 728 444 810 faciamque
460 748 561 790 omnes
576 748 635 790 uno
650 748 701 789 ore
716 726 849 789 Latinos.

98 811 180 874 Hinc
196 833 291 894 genus
306 812 440 875 Ausonio
454 813 580 874 mixtum
594 812 674 895 quod
689 811 833 893 sanguine
849 815 964 894 surget,

101 895 200 979 Supra
213 897 358 974 homines,
376 919 467 981 supra
481 898 525 959 ire
542 898 613 959 deos
629 898 741 979 pietate
757 895 882 975 videbis,

98 980 166 1043 Neo
183 1003 256 1064 gens
271 983 333 1046 ulla
348 990 414 1045 tuos
430 1003 525 1066 aeque
541 982 704 1044 celebrabit
717 982 855 1043 honores.

98 1066 217 1129 Adnuit
230 1068 276 1129 his
290 1067 313 1129 J
314 1090 384 1147 uno,
401 1074 432 1130 et
446 1074 576 1130 mentem
591 1069 704 1130 laetata
718 1066 839 1128 retorsit
851 1085 860 1140 ;

98 1151 222 1214 Interea
237 1153 355 1215 excedit
370 1154 462 1230 coelo,
477 1153 646 1234 nubemque
661 1151 812 1233 relinquit.

142 1237 200 1298 His
215 1238 289 1300 actis
305 1238 385 1300 aliud
402 1235 526 1300 Genitor
541 1258 643 1300 secum
658 1236 721 1319 ipsc
738 1237 864 1313 volutat,

98 1321 120 1383 J
121 1329 321 1404 utumamque
336 1332 423 1406 parat
436 1323 539 1385 fratris
555 1322 704 1385 dimittere
720 1322 757 1384 ab
772 1320 872 1384 armis.

98 1406 250 1469 Dicuntur
265 1408 401 1489 geminae
416 1415 516 1490 pestes
532 1408 706 1490 cognomine
723 1406 828 1484 Dirae,

99 1491 182 1563 Quas
197 1500 228 1555 et
242 1491 418 1555 Tartaream
433 1491 504 1555 Nox
517 1493 696 1575 intempesta
710 1491 887 1574 Megaeram

98 1576 169 1640 Uno
185 1577 348 1660 eodemque
365 1578 433 1640 tulit
447 1584 547 1661 partu,
562 1579 742 1660 paribusque
757 1577 887 1639 revinxit

101 1661 280 1745 Serpentum
295 1662 393 1745 spiris,
408 1669 606 1745 ventosasque
622 1663 738 1725 addidit
752 1663 825 1724 alas.

98 1747 168 1809 Hae
183 1746 206 1809 J
206 1748 269 1811 ovis
285 1748 323 1810 ad
339 1749 443 1810 solium
457 1748 599 1830 saevique
614 1748 645 1809 in
658 1747 759 1809 limine
772 1746 852 1828 regis

97 1831 269 1915 Apparent,
285 1839 455 1915 acuuntque
470 1839 584 1895 metum
597 1833 770 1895 mortalibus
785 1833 895 1914 aegris,

101 1916 134 1979 Si
149 1917 268 1998 quando
282 1919 376 1980 letum
389 1918 560 1980 horrificum
573 1918 749 2000 morbosque
765 1917 854 1980 deum
869 1937 923 1979 rex

98 2000 234 2081 Molitur‚
249 2003 371 2065 meritas
386 2008 439 2065 aut
452 2002 529 2065 bello
544 2002 664 2065 territat
677 2003 777 2064 urbes.

98 2086 218 2149 Harum
232 2109 322 2150 unam
337 2089 465 2151 celerem
480 2087 599 2150 demisit
613 2088 649 2150 ab
665 2088 787 2150 aethere
803 2108 917 2150 summo

97 2170 230 2254 Jupiter,
245 2173 335 2255 inque
352 2194 438 2235 omen
451 2171 474 2234 J
475 2179 603 2236 uturnae
618 2193 775 2235 occurrere
785 2172 886 2256 jussit.

98 2256 157 2319 Illa
171 2259 263 2336 volat,
278 2258 429 2339 celerique
445 2258 484 2320 ad
498 2263 610 2320 terram
624 2258 743 2320 turbine
757 2259 874 2320 fertur:

98 2342 131 2403 N
132 2364 170 2404 on
185 2363 272 2405 secus
287 2363 322 2405 ac
336 2364 429 2405 nervo
443 2365 498 2426 per
511 2344 621 2405 nubem
635 2343 763 2425 impulsa
778 2343 899 2424 sagitta,

72 2425 75 2429 ’
97 2427 258 2490 Armatam
273 2429 354 2490 saevi
368 2428 500 2490 Parthus
515 2448 605 2510 quam
618 2428 688 2490 selle
704 2428 822 2507 veneni,

98 2511 241 2592 Parthus,
257 2513 318 2575 sive
335 2511 452 2596 Cydon,
466 2513 560 2574 telum
574 2512 802 2591 immedicabile,
817 2512 914 2593 torsit,

101 2595 238 2660 Stridens
253 2603 284 2660 et
299 2599 411 2660 celeres
426 2598 577 2680 incognita
591 2598 721 2660 transilit
734 2599 865 2661 umbras.

99 2680 180 2744 Talis
196 2703 227 2745 se
243 2689 309 2745 sata
323 2682 422 2744 Nocte
438 2682 517 2759 tulit,
532 2688 688 2764 terrasque
703 2683 819 2766 petivit.

99 2767 264 2850 Postquam
279 2767 358 2830 acies
374 2767 456 2829 videt
470 2767 580 2830 Iliacas
595 2774 685 2850 atque
702 2767 822 2850 agmina
836 2765 940 2846 Turni,

97 2852 191 2914 Alitis
205 2853 237 2914 in
250 2872 361 2935 parvae
377 2852 504 2914 subitam
519 2853 644 2915 collecta
657 2854 796 2934 figuram,

100 2935 185 3008 Quae
201 2937 350 3019 quondam
364 2937 396 2998 in
410 2937 505 2999 bustis
519 2943 572 2999 aut
587 2937 763 3000 culminibus
778 2937 905 3000 desertis

98 3021 199 3083 Nocte
214 3021 322 3085 sedens
337 3043 437 3084 serum
452 3022 532 3084 canit
546 3022 715 3104 importuna
731 3043 785 3105 per
800 3023 941 3098 umbras3

98 3106 190 3168 Hauc
205 3128 293 3169 versa
306 3107 337 3168 in
351 3107 459 3168 faeiem
473 3107 566 3168 'lurni
581 3127 613 3169 se
628 3106 720 3189 pestis
734 3106 772 3169 ob
787 3127 840 3169 ora

98 3192 233 3272 Fertque
248 3193 401 3273 refertque
417 3212 536 3269 sonans,
551 3192 749 3275 clypeumque
766 3192 924 3254 everberat
938 3191 1004 3254 alis.

98 3275 150 3337 Illi
164 3278 297 3339 membra
310 3297 405 3339 novus
420 3277 508 3339 solvit
521 3275 677 3338 formidine
693 3283 804 3359 torpor,

97 3361 307 3443 Arreotaeque
322 3362 443 3423 horrore
461 3380 574 3439 comae,
590 3367 621 3424 et
635 3382 693 3424 vox
707 3362 842 3426 faucibus
856 3360 964 3425 haesit.

97 3444 155 3520 At,
171 3447 274 3527 procul
288 3451 323 3508 ut
338 3446 431 3508 Dirae
446 3445 604 3508 stridorem
619 3446 741 3528 agnovit
756 3454 788 3510 et
802 3449 876 3527 alas,

98 3529 210 3591 Infelix
226 3531 322 3593 crines
337 3530 447 3593 scindit
459 3530 482 3593 J
483 3537 594 3592 uturna
607 3532 729 3605 solutos,

98 3614 260 3695 Unguibus
274 3637 327 3677 ora
341 3636 423 3677 soror
437 3616 561 3678 foedans
577 3621 608 3677 et
622 3623 747 3698 pectora
761 3616 880 3698 pugnis.

99 3699 181 3771 Quid
196 3721 275 3762 nunc
291 3707 321 3762 te
337 3708 400 3778 tua,
416 3700 529 3779 Turne,
544 3706 643 3783 potest
657 3721 800 3781 germana
809 3701 929 3782 juvare,

97 3786 167 3848 Aut
182 3784 253 3867 quid
264 3786 328 3868 jam
343 3784 436 3847 durae
452 3791 575 3898 superpt
589 3784 685 3846 mihi?
709 3806 769 3868 qua
784 3785 949 3847 tibi-lucem
