<?xml version="1.0" encoding="UTF-8"?>
<!DOCTYPE html PUBLIC "-//W3C//DTD XHTML 1.0 Transitional//EN"
    "http://www.w3.org/TR/xhtml1/DTD/xhtml1-transitional.dtd">
<html xmlns="http://www.w3.org/1999/xhtml" xml:lang="en" lang="en">
 <head>
  <title>
</title>
<meta http-equiv="Content-Type" content="text/html;charset=utf-8" />
  <meta name='ocr-system' content='tesseract 3.04.00' />
  <meta name='ocr-capabilities' content='ocr_page ocr_carea ocr_par ocr_line ocrx_word'/>
</head>
<body>
  <div class='ocr_page' id='page_1' title='image "./bucolicsgeorgic00virggoog_0260.png"; bbox 0 0 2496 4334; ppageno 0'>
   <div class='ocr_carea' id='block_1_1' title="bbox 466 273 1145 340">
    <p class='ocr_par' dir='ltr' id='par_1_1' title="bbox 466 273 1145 340">
     <span class='ocr_line' id='line_1_1' title="bbox 466 273 1145 340; baseline 0.018 -13"><span class='ocrx_word' id='word_1_1' title='bbox 466 280 627 328; x_wconf 78' lang='lat' dir='ltr'>assumes</span> <span class='ocrx_word' id='word_1_2' title='bbox 649 281 714 327; x_wconf 83' lang='lat' dir='ltr'>mn.</span> <span class='ocrx_word' id='word_1_3' title='bbox 737 282 784 328; x_wconf 84' lang='lat' dir='ltr'>rx.</span> <span class='ocrx_word' id='word_1_4' title='bbox 1081 273 1145 340; x_wconf 80' lang='lat'>249</span> 
     </span>
    </p>
   </div>
   <div class='ocr_carea' id='block_1_2' title="bbox 97 433 1144 3839">
    <p class='ocr_par' dir='ltr' id='par_1_2' title="bbox 97 433 1144 3839">
     <span class='ocr_line' id='line_1_2' title="bbox 101 433 1144 518; baseline -0.002 -19"><span class='ocrx_word' id='word_1_5' title='bbox 101 433 298 518; x_wconf 75' lang='lat' dir='ltr'>Prosequitur</span> <span class='ocrx_word' id='word_1_6' title='bbox 312 435 397 498; x_wconf 89' lang='lat' dir='ltr'>votis.</span> <span class='ocrx_word' id='word_1_7' title='bbox 446 435 514 498; x_wconf 87' lang='lat' dir='ltr'>Nec</span> <span class='ocrx_word' id='word_1_8' title='bbox 529 457 589 498; x_wconf 90' lang='lat' dir='ltr'>non</span> <span class='ocrx_word' id='word_1_9' title='bbox 603 440 635 497; x_wconf 91' lang='lat' dir='ltr'>et</span> <span class='ocrx_word' id='word_1_10' title='bbox 648 436 774 518; x_wconf 81' lang='lat' dir='ltr'>pulcher</span> <span class='ocrx_word' id='word_1_11' title='bbox 788 436 884 516; x_wconf 85' lang='lat' dir='ltr'>lulus,</span> <span class='ocrx_word' id='word_1_12' title='bbox 1096 461 1144 510; x_wconf 80' lang='lat'>310</span> 
     </span>
     <span class='ocr_line' id='line_1_3' title="bbox 99 519 938 604; baseline 0.001 -21"><span class='ocrx_word' id='word_1_13' title='bbox 99 519 184 584; x_wconf 86' lang='lat' dir='ltr'>Ante</span> <span class='ocrx_word' id='word_1_14' title='bbox 200 542 292 583; x_wconf 90' lang='lat' dir='ltr'>annos</span> <span class='ocrx_word' id='word_1_15' title='bbox 307 522 495 603; x_wconf 89' lang='lat' dir='ltr'>animumque</span> <span class='ocrx_word' id='word_1_16' title='bbox 511 541 619 602; x_wconf 89' lang='lat' dir='ltr'>gerens</span> <span class='ocrx_word' id='word_1_17' title='bbox 635 541 796 604; x_wconf 90' lang='lat' dir='ltr'>curamque</span> <span class='ocrx_word' id='word_1_18' title='bbox 812 522 938 601; x_wconf 88' lang='lat' dir='ltr'>virilem,</span> 
     </span>
     <span class='ocr_line' id='line_1_4' title="bbox 100 604 944 689; baseline 0.005 -22"><span class='ocrx_word' id='word_1_19' title='bbox 100 605 201 668; x_wconf 92' lang='lat' dir='ltr'>Multa</span> <span class='ocrx_word' id='word_1_20' title='bbox 215 607 294 689; x_wconf 89' lang='lat' dir='ltr'>patri</span> <span class='ocrx_word' id='word_1_21' title='bbox 307 606 449 669; x_wconf 88' lang='lat' dir='ltr'>mandata</span> <span class='ocrx_word' id='word_1_22' title='bbox 463 607 555 668; x_wconf 91' lang='lat' dir='ltr'>dabat</span> <span class='ocrx_word' id='word_1_23' title='bbox 569 606 725 688; x_wconf 84' lang='lat' dir='ltr'>portanda.</span> <span class='ocrx_word' id='word_1_24' title='bbox 772 604 834 668; x_wconf 83' lang='lat' dir='ltr'>Sed</span> <span class='ocrx_word' id='word_1_25' title='bbox 852 628 944 671; x_wconf 89' lang='lat' dir='ltr'>aurae</span> 
     </span>
     <span class='ocr_line' id='line_1_5' title="bbox 102 689 823 774; baseline 0.001 -22"><span class='ocrx_word' id='word_1_26' title='bbox 102 689 212 754; x_wconf 90' lang='lat' dir='ltr'>Omnia</span> <span class='ocrx_word' id='word_1_27' title='bbox 225 691 400 774; x_wconf 90' lang='lat' dir='ltr'>discerpunt</span> <span class='ocrx_word' id='word_1_28' title='bbox 415 699 446 753; x_wconf 95' lang='lat' dir='ltr'>et</span> <span class='ocrx_word' id='word_1_29' title='bbox 460 692 587 753; x_wconf 91' lang='lat' dir='ltr'>nubibus</span> <span class='ocrx_word' id='word_1_30' title='bbox 602 691 687 753; x_wconf 91' lang='lat' dir='ltr'>irrita</span> <span class='ocrx_word' id='word_1_31' title='bbox 702 691 823 754; x_wconf 89' lang='lat' dir='ltr'>donant.</span> 
     </span>
     <span class='ocr_line' id='line_1_6' title="bbox 143 776 931 859; baseline 0.005 -23"><span class='ocrx_word' id='word_1_32' title='bbox 143 777 266 858; x_wconf 81' lang='lat' dir='ltr'>Egressi</span> <span class='ocrx_word' id='word_1_33' title='bbox 281 782 424 859; x_wconf 91' lang='lat' dir='ltr'>superant</span> <span class='ocrx_word' id='word_1_34' title='bbox 438 777 542 854; x_wconf 85' lang='lat' dir='ltr'>fossas,</span> <span class='ocrx_word' id='word_1_35' title='bbox 557 776 711 858; x_wconf 89' lang='lat' dir='ltr'>noctisque</span> <span class='ocrx_word' id='word_1_36' title='bbox 727 797 782 859; x_wconf 91' lang='lat' dir='ltr'>per</span> <span class='ocrx_word' id='word_1_37' title='bbox 796 778 931 840; x_wconf 89' lang='lat' dir='ltr'>umbram</span> 
     </span>
     <span class='ocr_line' id='line_1_7' title="bbox 101 859 897 944; baseline 0.004 -22"><span class='ocrx_word' id='word_1_38' title='bbox 101 859 209 923; x_wconf 79' lang='lat' dir='ltr'>Castra</span> <span class='ocrx_word' id='word_1_39' title='bbox 223 862 342 924; x_wconf 91' lang='lat' dir='ltr'>inimica</span> <span class='ocrx_word' id='word_1_40' title='bbox 356 867 473 944; x_wconf 88' lang='lat' dir='ltr'>petunt,</span> <span class='ocrx_word' id='word_1_41' title='bbox 488 862 588 924; x_wconf 88' lang='lat' dir='ltr'>multis</span> <span class='ocrx_word' id='word_1_42' title='bbox 603 867 705 923; x_wconf 92' lang='lat' dir='ltr'>tamen</span> <span class='ocrx_word' id='word_1_43' title='bbox 720 869 789 924; x_wconf 85' lang='lat' dir='ltr'>ante</span> <span class='ocrx_word' id='word_1_44' title='bbox 804 863 897 925; x_wconf 84' lang='lat' dir='ltr'>futuri</span> 
     </span>
     <span class='ocr_line' id='line_1_8' title="bbox 100 945 839 1028; baseline 0.004 -22"><span class='ocrx_word' id='word_1_45' title='bbox 100 945 210 1009; x_wconf 81' lang='lat' dir='ltr'>Exitio.</span> <span class='ocrx_word' id='word_1_46' title='bbox 255 946 372 1010; x_wconf 87' lang='lat' dir='ltr'>Passim</span> <span class='ocrx_word' id='word_1_47' title='bbox 387 968 488 1009; x_wconf 88' lang='lat' dir='ltr'>somno</span> <span class='ocrx_word' id='word_1_48' title='bbox 503 947 630 1028; x_wconf 88' lang='lat' dir='ltr'>vinoque</span> <span class='ocrx_word' id='word_1_49' title='bbox 647 968 701 1028; x_wconf 92' lang='lat' dir='ltr'>per</span> <span class='ocrx_word' id='word_1_50' title='bbox 715 948 839 1009; x_wconf 89' lang='lat' dir='ltr'>herbam</span> 
     </span>
     <span class='ocr_line' id='line_1_9' title="bbox 101 1029 826 1113; baseline 0.004 -22"><span class='ocrx_word' id='word_1_51' title='bbox 101 1029 235 1113; x_wconf 83' lang='lat' dir='ltr'>Corpora</span> <span class='ocrx_word' id='word_1_52' title='bbox 248 1032 316 1095; x_wconf 84' lang='lat' dir='ltr'>fusa</span> <span class='ocrx_word' id='word_1_53' title='bbox 331 1032 444 1110; x_wconf 84' lang='lat' dir='ltr'>vident,</span> <span class='ocrx_word' id='word_1_54' title='bbox 459 1038 591 1094; x_wconf 89' lang='lat' dir='ltr'>arrectos</span> <span class='ocrx_word' id='word_1_55' title='bbox 607 1032 693 1093; x_wconf 89' lang='lat' dir='ltr'>litere</span> <span class='ocrx_word' id='word_1_56' title='bbox 709 1053 826 1111; x_wconf 86' lang='lat' dir='ltr'>currus,</span> 
     </span>
     <span class='ocr_line' id='line_1_10' title="bbox 99 1114 860 1200; baseline 0.005 -24"><span class='ocrx_word' id='word_1_57' title='bbox 99 1114 186 1178; x_wconf 83' lang='lat' dir='ltr'>Inter</span> <span class='ocrx_word' id='word_1_58' title='bbox 200 1118 264 1179; x_wconf 90' lang='lat' dir='ltr'>lora</span> <span class='ocrx_word' id='word_1_59' title='bbox 278 1124 419 1199; x_wconf 90' lang='lat' dir='ltr'>rotasque</span> <span class='ocrx_word' id='word_1_60' title='bbox 435 1117 524 1194; x_wconf 88' lang='lat' dir='ltr'>viros,</span> <span class='ocrx_word' id='word_1_61' title='bbox 539 1117 626 1180; x_wconf 84' lang='lat' dir='ltr'>simul</span> <span class='ocrx_word' id='word_1_62' title='bbox 641 1137 734 1194; x_wconf 90' lang='lat' dir='ltr'>arma,</span> <span class='ocrx_word' id='word_1_63' title='bbox 745 1118 860 1200; x_wconf 89' lang='lat' dir='ltr'>jacere,</span> 
     </span>
     <span class='ocr_line' id='line_1_11' title="bbox 99 1199 902 1285; baseline 0.002 -23"><span class='ocrx_word' id='word_1_64' title='bbox 99 1199 183 1263; x_wconf 91' lang='lat' dir='ltr'>Vina</span> <span class='ocrx_word' id='word_1_65' title='bbox 197 1203 293 1263; x_wconf 89' lang='lat' dir='ltr'>simul.</span> <span class='ocrx_word' id='word_1_66' title='bbox 339 1203 426 1264; x_wconf 85' lang='lat' dir='ltr'>Prior</span> <span class='ocrx_word' id='word_1_67' title='bbox 440 1202 625 1285; x_wconf 82' lang='lat' dir='ltr'>Hyrtacides</span> <span class='ocrx_word' id='word_1_68' title='bbox 640 1203 682 1265; x_wconf 89' lang='lat' dir='ltr'>sic</span> <span class='ocrx_word' id='word_1_69' title='bbox 698 1223 748 1264; x_wconf 91' lang='lat' dir='ltr'>cre</span> <span class='ocrx_word' id='word_1_70' title='bbox 763 1204 902 1265; x_wconf 91' lang='lat' dir='ltr'>locutus:</span> 
     </span>
     <span class='ocr_line' id='line_1_12' title="bbox 99 1284 930 1370; baseline 0 -22"><span class='ocrx_word' id='word_1_71' title='bbox 99 1284 245 1369; x_wconf 80' lang='lat' dir='ltr'>Euryale,</span> <span class='ocrx_word' id='word_1_72' title='bbox 261 1287 431 1350; x_wconf 90' lang='lat' dir='ltr'>audendum</span> <span class='ocrx_word' id='word_1_73' title='bbox 447 1287 572 1349; x_wconf 85' lang='lat' dir='ltr'>dextra:</span> <span class='ocrx_word' id='word_1_74' title='bbox 596 1309 676 1350; x_wconf 92' lang='lat' dir='ltr'>nunc</span> <span class='ocrx_word' id='word_1_75' title='bbox 691 1288 756 1370; x_wconf 90' lang='lat' dir='ltr'>ipsa</span> <span class='ocrx_word' id='word_1_76' title='bbox 771 1303 856 1350; x_wconf 83' lang='lat' dir='ltr'>vocat</span> <span class='ocrx_word' id='word_1_77' title='bbox 871 1307 930 1350; x_wconf 78' lang='lat' dir='ltr'>ree.</span> 
     </span>
     <span class='ocr_line' id='line_1_13' title="bbox 99 1370 939 1455; baseline 0.002 -23"><span class='ocrx_word' id='word_1_78' title='bbox 99 1370 169 1433; x_wconf 92' lang='lat' dir='ltr'>Hac</span> <span class='ocrx_word' id='word_1_79' title='bbox 184 1372 243 1434; x_wconf 90' lang='lat' dir='ltr'>iter</span> <span class='ocrx_word' id='word_1_80' title='bbox 258 1379 324 1435; x_wconf 88' lang='lat' dir='ltr'>est:</span> <span class='ocrx_word' id='word_1_81' title='bbox 349 1380 394 1451; x_wconf 92' lang='lat' dir='ltr'>tu,</span> <span class='ocrx_word' id='word_1_82' title='bbox 408 1394 447 1434; x_wconf 90' lang='lat' dir='ltr'>ne</span> <span class='ocrx_word' id='word_1_83' title='bbox 463 1393 523 1455; x_wconf 91' lang='lat' dir='ltr'>qua</span> <span class='ocrx_word' id='word_1_84' title='bbox 536 1393 641 1434; x_wconf 91' lang='lat' dir='ltr'>manus</span> <span class='ocrx_word' id='word_1_85' title='bbox 656 1393 688 1435; x_wconf 88' lang='lat' dir='ltr'>se</span> <span class='ocrx_word' id='word_1_86' title='bbox 703 1373 839 1435; x_wconf 77' lang='lat' dir='ltr'>attollere</span> <span class='ocrx_word' id='word_1_87' title='bbox 855 1373 939 1434; x_wconf 89' lang='lat' dir='ltr'>nobis</span> 
     </span>
     <span class='ocr_line' id='line_1_14' title="bbox 98 1455 901 1540; baseline 0.001 -22"><span class='ocrx_word' id='word_1_88' title='bbox 98 1455 131 1518; x_wconf 88' lang='lat' dir='ltr'>A</span> <span class='ocrx_word' id='word_1_89' title='bbox 146 1463 232 1539; x_wconf 93' lang='lat' dir='ltr'>tergo</span> <span class='ocrx_word' id='word_1_90' title='bbox 244 1458 346 1540; x_wconf 83' lang='lat' dir='ltr'>possit,</span> <span class='ocrx_word' id='word_1_91' title='bbox 362 1457 479 1520; x_wconf 91' lang='lat' dir='ltr'>custodi</span> <span class='ocrx_word' id='word_1_92' title='bbox 493 1464 525 1519; x_wconf 91' lang='lat' dir='ltr'>et</span> <span class='ocrx_word' id='word_1_93' title='bbox 539 1458 660 1520; x_wconf 91' lang='lat' dir='ltr'>consule</span> <span class='ocrx_word' id='word_1_94' title='bbox 675 1459 785 1539; x_wconf 84' lang='lat' dir='ltr'>longe3</span> <span class='ocrx_word' id='word_1_95' title='bbox 899 1478 901 1481; x_wconf 85' lang='lat'>·</span> 
     </span>
     <span class='ocr_line' id='line_1_15' title="bbox 99 1540 878 1624; baseline 0.003 -22"><span class='ocrx_word' id='word_1_96' title='bbox 99 1540 187 1604; x_wconf 91' lang='lat' dir='ltr'>Haec</span> <span class='ocrx_word' id='word_1_97' title='bbox 204 1564 259 1624; x_wconf 92' lang='lat' dir='ltr'>ego</span> <span class='ocrx_word' id='word_1_98' title='bbox 275 1549 362 1605; x_wconf 88' lang='lat' dir='ltr'>vasta</span> <span class='ocrx_word' id='word_1_99' title='bbox 377 1543 468 1621; x_wconf 85' lang='lat' dir='ltr'>dabo,</span> <span class='ocrx_word' id='word_1_100' title='bbox 485 1548 516 1604; x_wconf 90' lang='lat' dir='ltr'>et</span> <span class='ocrx_word' id='word_1_101' title='bbox 529 1543 591 1605; x_wconf 89' lang='lat' dir='ltr'>lato</span> <span class='ocrx_word' id='word_1_102' title='bbox 607 1548 637 1605; x_wconf 91' lang='lat' dir='ltr'>te</span> <span class='ocrx_word' id='word_1_103' title='bbox 652 1543 744 1604; x_wconf 87' lang='lat' dir='ltr'>hmite</span> <span class='ocrx_word' id='word_1_104' title='bbox 760 1543 878 1605; x_wconf 90' lang='lat' dir='ltr'>ducam.</span> 
     </span>
     <span class='ocr_line' id='line_1_16' title="bbox 101 1624 1018 1711; baseline 0.002 -23"><span class='ocrx_word' id='word_1_105' title='bbox 101 1624 151 1688; x_wconf 82' lang='lat' dir='ltr'>Sic</span> <span class='ocrx_word' id='word_1_106' title='bbox 167 1635 321 1706; x_wconf 89' lang='lat' dir='ltr'>memorat,</span> <span class='ocrx_word' id='word_1_107' title='bbox 337 1648 499 1710; x_wconf 90' lang='lat' dir='ltr'>vocemque</span> <span class='ocrx_word' id='word_1_108' title='bbox 514 1628 623 1711; x_wconf 89' lang='lat' dir='ltr'>premit</span> <span class='ocrx_word' id='word_1_109' title='bbox 636 1648 643 1703; x_wconf 92' lang='grc'><strong>;</strong></span> <span class='ocrx_word' id='word_1_110' title='bbox 668 1628 755 1690; x_wconf 89' lang='lat' dir='ltr'>simul</span> <span class='ocrx_word' id='word_1_111' title='bbox 770 1648 841 1690; x_wconf 89' lang='lat' dir='ltr'>ense</span> <span class='ocrx_word' id='word_1_112' title='bbox 857 1627 1018 1710; x_wconf 90' lang='lat' dir='ltr'>superbum</span> 
     </span>
     <span class='ocr_line' id='line_1_17' title="bbox 98 1710 906 1796; baseline 0.004 -23"><span class='ocrx_word' id='word_1_113' title='bbox 98 1710 297 1775; x_wconf 87' lang='lat' dir='ltr'>Rhamnetem</span> <span class='ocrx_word' id='word_1_114' title='bbox 313 1713 499 1794; x_wconf 79' lang='lat' dir='ltr'>aggreditur,</span> <span class='ocrx_word' id='word_1_115' title='bbox 515 1714 566 1796; x_wconf 94' lang='lat' dir='ltr'>qui</span> <span class='ocrx_word' id='word_1_116' title='bbox 580 1713 657 1776; x_wconf 88' lang='lat' dir='ltr'>forte</span> <span class='ocrx_word' id='word_1_117' title='bbox 673 1713 823 1794; x_wconf 86' lang='lat' dir='ltr'>tapetibus</span> <span class='ocrx_word' id='word_1_118' title='bbox 838 1713 906 1776; x_wconf 87' lang='lat' dir='ltr'>altis</span> 
     </span>
     <span class='ocr_line' id='line_1_18' title="bbox 99 1794 809 1881; baseline 0.006 -25"><span class='ocrx_word' id='word_1_119' title='bbox 99 1794 266 1860; x_wconf 83' lang='lat' dir='ltr'>Extractus</span> <span class='ocrx_word' id='word_1_120' title='bbox 281 1804 343 1860; x_wconf 90' lang='lat' dir='ltr'>toto</span> <span class='ocrx_word' id='word_1_121' title='bbox 357 1799 502 1880; x_wconf 90' lang='lat' dir='ltr'>proflabat</span> <span class='ocrx_word' id='word_1_122' title='bbox 516 1805 637 1881; x_wconf 87' lang='lat' dir='ltr'>pectore</span> <span class='ocrx_word' id='word_1_123' title='bbox 653 1818 809 1874; x_wconf 91' lang='lat' dir='ltr'>somnum;</span> 
     </span>
     <span class='ocr_line' id='line_1_19' title="bbox 98 1880 837 1966; baseline 0.005 -24"><span class='ocrx_word' id='word_1_124' title='bbox 98 1880 167 1943; x_wconf 87' lang='lat' dir='ltr'>Rex</span> <span class='ocrx_word' id='word_1_125' title='bbox 181 1882 260 1944; x_wconf 90' lang='lat' dir='ltr'>idem</span> <span class='ocrx_word' id='word_1_126' title='bbox 275 1889 306 1945; x_wconf 90' lang='lat' dir='ltr'>et</span> <span class='ocrx_word' id='word_1_127' title='bbox 320 1884 386 1965; x_wconf 90' lang='lat' dir='ltr'>regi</span> <span class='ocrx_word' id='word_1_128' title='bbox 400 1883 500 1947; x_wconf 76' lang='lat' dir='ltr'>sumo</span> <span class='ocrx_word' id='word_1_129' title='bbox 516 1884 701 1966; x_wconf 89' lang='lat' dir='ltr'>gratissimus</span> <span class='ocrx_word' id='word_1_130' title='bbox 722 1903 837 1965; x_wconf 89' lang='lat' dir='ltr'>augur:</span> 
     </span>
     <span class='ocr_line' id='line_1_20' title="bbox 101 1963 792 2051; baseline 0.003 -23"><span class='ocrx_word' id='word_1_131' title='bbox 101 1963 163 2028; x_wconf 82' lang='lat' dir='ltr'>Sed</span> <span class='ocrx_word' id='word_1_132' title='bbox 177 1989 236 2030; x_wconf 92' lang='lat' dir='ltr'>non</span> <span class='ocrx_word' id='word_1_133' title='bbox 251 1969 376 2050; x_wconf 92' lang='lat' dir='ltr'>augurio</span> <span class='ocrx_word' id='word_1_134' title='bbox 391 1969 487 2051; x_wconf 89' lang='lat' dir='ltr'>potuit</span> <span class='ocrx_word' id='word_1_135' title='bbox 502 1969 651 2051; x_wconf 90' lang='lat' dir='ltr'>depellere</span> <span class='ocrx_word' id='word_1_136' title='bbox 667 1975 792 2051; x_wconf 88' lang='lat' dir='ltr'>pestem.</span> 
     </span>
     <span class='ocr_line' id='line_1_21' title="bbox 99 2050 880 2136; baseline 0.001 -23"><span class='ocrx_word' id='word_1_137' title='bbox 99 2050 173 2114; x_wconf 75' lang='lat' dir='ltr'>Tres</span> <span class='ocrx_word' id='word_1_138' title='bbox 184 2053 272 2136; x_wconf 84' lang='lat' dir='ltr'>juxta</span> <span class='ocrx_word' id='word_1_139' title='bbox 286 2054 422 2132; x_wconf 62' lang='lat' dir='ltr'>famulos</span> <span class='ocrx_word' id='word_1_140' title='bbox 437 2059 550 2116; x_wconf 89' lang='lat' dir='ltr'>temere</span> <span class='ocrx_word' id='word_1_141' title='bbox 565 2054 645 2116; x_wconf 89' lang='lat' dir='ltr'>inter</span> <span class='ocrx_word' id='word_1_142' title='bbox 659 2054 721 2116; x_wconf 88' lang='lat' dir='ltr'>tela</span> <span class='ocrx_word' id='word_1_143' title='bbox 730 2054 880 2136; x_wconf 86' lang='lat' dir='ltr'>jacentes,</span> 
     </span>
     <span class='ocr_line' id='line_1_22' title="bbox 97 2135 959 2221; baseline 0.001 -21"><span class='ocrx_word' id='word_1_144' title='bbox 97 2135 354 2220; x_wconf 87' lang='lat' dir='ltr'>Armigerumque</span> <span class='ocrx_word' id='word_1_145' title='bbox 370 2139 458 2201; x_wconf 89' lang='lat' dir='ltr'>Remi</span> <span class='ocrx_word' id='word_1_146' title='bbox 472 2139 592 2221; x_wconf 88' lang='lat' dir='ltr'>premit,</span> <span class='ocrx_word' id='word_1_147' title='bbox 608 2138 803 2220; x_wconf 86' lang='lat' dir='ltr'>aurigamque</span> <span class='ocrx_word' id='word_1_148' title='bbox 819 2138 873 2200; x_wconf 91' lang='lat' dir='ltr'>sub</span> <span class='ocrx_word' id='word_1_149' title='bbox 888 2135 959 2221; x_wconf 86' lang='lat' dir='ltr'>ipsis</span> 
     </span>
     <span class='ocr_line' id='line_1_23' title="bbox 99 2220 860 2306; baseline 0.004 -23"><span class='ocrx_word' id='word_1_150' title='bbox 99 2220 217 2285; x_wconf 89' lang='lat' dir='ltr'>Nactus</span> <span class='ocrx_word' id='word_1_151' title='bbox 233 2223 328 2306; x_wconf 91' lang='lat' dir='ltr'>equis,</span> <span class='ocrx_word' id='word_1_152' title='bbox 342 2225 482 2306; x_wconf 85' lang='lat' dir='ltr'>ferroque</span> <span class='ocrx_word' id='word_1_153' title='bbox 497 2229 582 2286; x_wconf 89' lang='lat' dir='ltr'>secat</span> <span class='ocrx_word' id='word_1_154' title='bbox 596 2224 759 2306; x_wconf 88' lang='lat' dir='ltr'>pendentia</span> <span class='ocrx_word' id='word_1_155' title='bbox 773 2224 860 2286; x_wconf 89' lang='lat' dir='ltr'>colla.</span> 
     </span>
     <span class='ocr_line' id='line_1_24' title="bbox 98 2306 978 2392; baseline 0.002 -24"><span class='ocrx_word' id='word_1_156' title='bbox 98 2306 176 2368; x_wconf 79' lang='lat' dir='ltr'>Tum</span> <span class='ocrx_word' id='word_1_157' title='bbox 191 2315 282 2391; x_wconf 89' lang='lat' dir='ltr'>caput</span> <span class='ocrx_word' id='word_1_158' title='bbox 295 2309 352 2391; x_wconf 91' lang='lat' dir='ltr'>ipsi</span> <span class='ocrx_word' id='word_1_159' title='bbox 366 2309 465 2372; x_wconf 86' lang='lat' dir='ltr'>aufert</span> <span class='ocrx_word' id='word_1_160' title='bbox 480 2309 609 2387; x_wconf 88' lang='lat' dir='ltr'>domine,</span> <span class='ocrx_word' id='word_1_161' title='bbox 624 2316 823 2391; x_wconf 85' lang='lat' dir='ltr'>tnmcumque</span> <span class='ocrx_word' id='word_1_162' title='bbox 837 2307 978 2392; x_wconf 87' lang='lat' dir='ltr'>relinquit</span> 
     </span>
     <span class='ocr_line' id='line_1_25' title="bbox 100 2390 880 2476; baseline 0.003 -22"><span class='ocrx_word' id='word_1_163' title='bbox 100 2390 253 2473; x_wconf 81' lang='lat' dir='ltr'>Sanguine</span> <span class='ocrx_word' id='word_1_164' title='bbox 269 2394 501 2475; x_wconf 88' lang='lat' dir='ltr'>singultantem:</span> <span class='ocrx_word' id='word_1_165' title='bbox 527 2401 593 2456; x_wconf 84' lang='lat' dir='ltr'>atro</span> <span class='ocrx_word' id='word_1_166' title='bbox 608 2395 759 2476; x_wconf 88' lang='lat' dir='ltr'>tepefacta</span> <span class='ocrx_word' id='word_1_167' title='bbox 774 2414 880 2456; x_wconf 89' lang='lat' dir='ltr'>eruore</span> 
     </span>
     <span class='ocr_line' id='line_1_26' title="bbox 98 2476 1109 2562; baseline 0.002 -24"><span class='ocrx_word' id='word_1_168' title='bbox 98 2476 193 2540; x_wconf 80' lang='lat' dir='ltr'>Terra</span> <span class='ocrx_word' id='word_1_169' title='bbox 208 2479 323 2560; x_wconf 91' lang='lat' dir='ltr'>torique</span> <span class='ocrx_word' id='word_1_170' title='bbox 338 2480 470 2542; x_wconf 88' lang='lat' dir='ltr'>madent.</span> <span class='ocrx_word' id='word_1_171' title='bbox 514 2479 582 2542; x_wconf 89' lang='lat' dir='ltr'>Nec</span> <span class='ocrx_word' id='word_1_172' title='bbox 597 2501 657 2541; x_wconf 90' lang='lat' dir='ltr'>non</span> <span class='ocrx_word' id='word_1_173' title='bbox 671 2479 893 2562; x_wconf 85' lang='lat' dir='ltr'>Lamyrumque</span> <span class='ocrx_word' id='word_1_174' title='bbox 909 2477 1109 2562; x_wconf 87' lang='lat' dir='ltr'>Lamumque,</span> 
     </span>
     <span class='ocr_line' id='line_1_27' title="bbox 98 2561 1140 2647; baseline 0.005 -23"><span class='ocrx_word' id='word_1_175' title='bbox 98 2561 142 2624; x_wconf 89' lang='lat' dir='ltr'>Et</span> <span class='ocrx_word' id='word_1_176' title='bbox 152 2563 294 2646; x_wconf 89' lang='lat' dir='ltr'>juvenem</span> <span class='ocrx_word' id='word_1_177' title='bbox 311 2562 485 2643; x_wconf 80' lang='lat' dir='ltr'>Serranum,</span> <span class='ocrx_word' id='word_1_178' title='bbox 499 2564 552 2627; x_wconf 91' lang='lat' dir='ltr'>illa</span> <span class='ocrx_word' id='word_1_179' title='bbox 565 2565 617 2646; x_wconf 93' lang='lat' dir='ltr'>qui</span> <span class='ocrx_word' id='word_1_180' title='bbox 631 2565 758 2647; x_wconf 87' lang='lat' dir='ltr'>plurima</span> <span class='ocrx_word' id='word_1_181' title='bbox 772 2570 859 2627; x_wconf 91' lang='lat' dir='ltr'>nocte</span> <span class='ocrx_word' id='word_1_182' title='bbox 1092 2579 1140 2629; x_wconf 80' lang='lat'>335</span> 
     </span>
     <span class='ocr_line' id='line_1_28' title="bbox 98 2647 780 2733; baseline 0.004 -25"><span class='ocrx_word' id='word_1_183' title='bbox 98 2647 238 2726; x_wconf 89' lang='lat' dir='ltr'>Luserat,</span> <span class='ocrx_word' id='word_1_184' title='bbox 253 2649 375 2732; x_wconf 90' lang='lat' dir='ltr'>insignis</span> <span class='ocrx_word' id='word_1_185' title='bbox 390 2650 479 2728; x_wconf 87' lang='lat' dir='ltr'>facie,</span> <span class='ocrx_word' id='word_1_186' title='bbox 494 2651 646 2732; x_wconf 90' lang='lat' dir='ltr'>multoque</span> <span class='ocrx_word' id='word_1_187' title='bbox 657 2651 780 2733; x_wconf 86' lang='lat' dir='ltr'>jacebat</span> 
     </span>
     <span class='ocr_line' id='line_1_29' title="bbox 98 2731 842 2818; baseline 0.005 -25"><span class='ocrx_word' id='word_1_188' title='bbox 98 2731 238 2796; x_wconf 87' lang='lat' dir='ltr'>Membra</span> <span class='ocrx_word' id='word_1_189' title='bbox 253 2734 309 2797; x_wconf 91' lang='lat' dir='ltr'>deo</span> <span class='ocrx_word' id='word_1_190' title='bbox 324 2735 440 2798; x_wconf 84' lang='lat' dir='ltr'>victus:</span> <span class='ocrx_word' id='word_1_191' title='bbox 464 2736 546 2813; x_wconf 85' lang='lat' dir='ltr'>felix,</span> <span class='ocrx_word' id='word_1_192' title='bbox 562 2736 587 2798; x_wconf 92' lang='lat' dir='ltr'>si</span> <span class='ocrx_word' id='word_1_193' title='bbox 601 2742 743 2818; x_wconf 89' lang='lat' dir='ltr'>protenus</span> <span class='ocrx_word' id='word_1_194' title='bbox 757 2735 842 2797; x_wconf 92' lang='lat' dir='ltr'>illum</span> 
     </span>
     <span class='ocr_line' id='line_1_30' title="bbox 98 2818 846 2903; baseline 0.003 -23"><span class='ocrx_word' id='word_1_195' title='bbox 98 2818 272 2900; x_wconf 86' lang='lat' dir='ltr'>Aequasset</span> <span class='ocrx_word' id='word_1_196' title='bbox 285 2821 366 2882; x_wconf 87' lang='lat' dir='ltr'>nocti</span> <span class='ocrx_word' id='word_1_197' title='bbox 380 2822 485 2882; x_wconf 91' lang='lat' dir='ltr'>ludum</span> <span class='ocrx_word' id='word_1_198' title='bbox 499 2821 530 2882; x_wconf 91' lang='lat' dir='ltr'>in</span> <span class='ocrx_word' id='word_1_199' title='bbox 544 2822 702 2903; x_wconf 90' lang='lat' dir='ltr'>lucemque</span> <span class='ocrx_word' id='word_1_200' title='bbox 718 2821 846 2884; x_wconf 85' lang='lat' dir='ltr'>tulisset.</span> 
     </span>
     <span class='ocr_line' id='line_1_31' title="bbox 98 2903 849 2989; baseline 0.007 -25"><span class='ocrx_word' id='word_1_201' title='bbox 98 2903 249 2985; x_wconf 87' lang='lat' dir='ltr'>Impastus</span> <span class='ocrx_word' id='word_1_202' title='bbox 265 2926 322 2968; x_wconf 91' lang='lat' dir='ltr'>ceu</span> <span class='ocrx_word' id='word_1_203' title='bbox 336 2908 425 2988; x_wconf 89' lang='lat' dir='ltr'>plena</span> <span class='ocrx_word' id='word_1_204' title='bbox 439 2908 485 2968; x_wconf 92' lang='lat' dir='ltr'>leo</span> <span class='ocrx_word' id='word_1_205' title='bbox 501 2927 556 2989; x_wconf 89' lang='lat' dir='ltr'>per</span> <span class='ocrx_word' id='word_1_206' title='bbox 569 2907 657 2969; x_wconf 89' lang='lat' dir='ltr'>ovilia</span> <span class='ocrx_word' id='word_1_207' title='bbox 671 2907 795 2968; x_wconf 89' lang='lat' dir='ltr'>turbans</span> <span class='ocrx_word' id='word_1_208' title='bbox 805 2941 849 2952; x_wconf 98' lang='lat'>—</span> 
     </span>
     <span class='ocr_line' id='line_1_32' title="bbox 100 2987 1140 3074; baseline 0.008 -25"><span class='ocrx_word' id='word_1_209' title='bbox 100 2987 216 3051; x_wconf 84' lang='lat' dir='ltr'>Suadet</span> <span class='ocrx_word' id='word_1_210' title='bbox 231 2991 310 3052; x_wconf 90' lang='lat' dir='ltr'>enim</span> <span class='ocrx_word' id='word_1_211' title='bbox 324 2992 780 3074; x_wconf 85' lang='lat' dir='ltr'>vesanafames—manditque</span> <span class='ocrx_word' id='word_1_212' title='bbox 796 2990 948 3072; x_wconf 87' lang='lat' dir='ltr'>trahitque</span> <span class='ocrx_word' id='word_1_213' title='bbox 1093 3009 1140 3057; x_wconf 77' lang='grc'>340</span> 
     </span>
     <span class='ocr_line' id='line_1_33' title="bbox 98 3073 949 3160; baseline 0.002 -26"><span class='ocrx_word' id='word_1_214' title='bbox 98 3073 191 3136; x_wconf 89' lang='lat' dir='ltr'>Molle</span> <span class='ocrx_word' id='word_1_215' title='bbox 207 3095 299 3156; x_wconf 87' lang='lat' dir='ltr'>pecus</span> <span class='ocrx_word' id='word_1_216' title='bbox 313 3083 489 3160; x_wconf 92' lang='lat' dir='ltr'>mutumque</span> <span class='ocrx_word' id='word_1_217' title='bbox 504 3083 587 3139; x_wconf 90' lang='lat' dir='ltr'>metu</span> <span class='ocrx_word' id='word_1_218' title='bbox 601 3097 608 3152; x_wconf 92' lang='grc'><strong>;</strong></span> <span class='ocrx_word' id='word_1_219' title='bbox 631 3077 733 3139; x_wconf 87' lang='lat' dir='ltr'>fremit</span> <span class='ocrx_word' id='word_1_220' title='bbox 747 3097 797 3138; x_wconf 90' lang='lat' dir='ltr'>ore</span> <span class='ocrx_word' id='word_1_221' title='bbox 814 3081 949 3138; x_wconf 88' lang='lat' dir='ltr'>eruente.</span> 
     </span>
     <span class='ocr_line' id='line_1_34' title="bbox 98 3156 852 3244; baseline 0.004 -25"><span class='ocrx_word' id='word_1_222' title='bbox 98 3156 131 3219; x_wconf 89' lang='lat' dir='ltr'>N</span> <span class='ocrx_word' id='word_1_223' title='bbox 132 3180 166 3221; x_wconf 93' lang='lat' dir='ltr'>cc</span> <span class='ocrx_word' id='word_1_224' title='bbox 182 3160 278 3221; x_wconf 89' lang='lat' dir='ltr'>minor</span> <span class='ocrx_word' id='word_1_225' title='bbox 292 3159 419 3244; x_wconf 87' lang='lat' dir='ltr'>Euryali</span> <span class='ocrx_word' id='word_1_226' title='bbox 434 3162 563 3224; x_wconf 89' lang='lat' dir='ltr'>caedes:</span> <span class='ocrx_word' id='word_1_227' title='bbox 587 3163 726 3224; x_wconf 88' lang='lat' dir='ltr'>incensus</span> <span class='ocrx_word' id='word_1_228' title='bbox 743 3167 774 3223; x_wconf 91' lang='lat' dir='ltr'>et</span> <span class='ocrx_word' id='word_1_229' title='bbox 788 3161 852 3243; x_wconf 89' lang='lat' dir='ltr'>ipse</span> 
     </span>
     <span class='ocr_line' id='line_1_35' title="bbox 98 3243 946 3328; baseline 0.005 -25"><span class='ocrx_word' id='word_1_230' title='bbox 98 3243 245 3323; x_wconf 88' lang='lat' dir='ltr'>Perfurit,</span> <span class='ocrx_word' id='word_1_231' title='bbox 262 3267 297 3308; x_wconf 89' lang='lat' dir='ltr'>ac</span> <span class='ocrx_word' id='word_1_232' title='bbox 312 3248 436 3309; x_wconf 91' lang='lat' dir='ltr'>multam</span> <span class='ocrx_word' id='word_1_233' title='bbox 450 3247 482 3308; x_wconf 87' lang='lat' dir='ltr'>iu</span> <span class='ocrx_word' id='word_1_234' title='bbox 495 3247 592 3309; x_wconf 91' lang='lat' dir='ltr'>medio</span> <span class='ocrx_word' id='word_1_235' title='bbox 608 3248 671 3310; x_wconf 89' lang='lat' dir='ltr'>sine</span> <span class='ocrx_word' id='word_1_236' title='bbox 686 3247 803 3310; x_wconf 90' lang='lat' dir='ltr'>nomine</span> <span class='ocrx_word' id='word_1_237' title='bbox 818 3245 946 3328; x_wconf 90' lang='lat' dir='ltr'>plebem,</span> 
     </span>
     <span class='ocr_line' id='line_1_36' title="bbox 97 3326 1064 3414; baseline 0.003 -25"><span class='ocrx_word' id='word_1_238' title='bbox 97 3326 274 3411; x_wconf 89' lang='lat' dir='ltr'>Fadumque</span> <span class='ocrx_word' id='word_1_239' title='bbox 290 3331 520 3413; x_wconf 88' lang='lat' dir='ltr'>Herbesumque</span> <span class='ocrx_word' id='word_1_240' title='bbox 536 3333 625 3410; x_wconf 91' lang='lat' dir='ltr'>subit,</span> <span class='ocrx_word' id='word_1_241' title='bbox 641 3333 851 3414; x_wconf 88' lang='lat' dir='ltr'>Rhoetumque</span> <span class='ocrx_word' id='word_1_242' title='bbox 866 3329 1064 3414; x_wconf 86' lang='lat' dir='ltr'>Abarimque,</span> 
     </span>
     <span class='ocr_line' id='line_1_37' title="bbox 98 3413 1139 3498; baseline 0.006 -24"><span class='ocrx_word' id='word_1_243' title='bbox 98 3413 237 3494; x_wconf 88' lang='lat' dir='ltr'>Ignaros,</span> <span class='ocrx_word' id='word_1_244' title='bbox 253 3416 403 3479; x_wconf 89' lang='lat' dir='ltr'>Rhoetum</span> <span class='ocrx_word' id='word_1_245' title='bbox 417 3417 591 3498; x_wconf 89' lang='lat' dir='ltr'>vigilantem</span> <span class='ocrx_word' id='word_1_246' title='bbox 607 3425 638 3481; x_wconf 93' lang='lat' dir='ltr'>et</span> <span class='ocrx_word' id='word_1_247' title='bbox 653 3424 762 3480; x_wconf 88' lang='lat' dir='ltr'>cuncta</span> <span class='ocrx_word' id='word_1_248' title='bbox 777 3417 949 3492; x_wconf 85' lang='lat' dir='ltr'>videntem3</span> <span class='ocrx_word' id='word_1_249' title='bbox 1092 3432 1139 3480; x_wconf 86' lang='grc'>345</span> 
     </span>
     <span class='ocr_line' id='line_1_38' title="bbox 100 3497 880 3585; baseline 0.003 -25"><span class='ocrx_word' id='word_1_250' title='bbox 100 3497 162 3560; x_wconf 83' lang='lat' dir='ltr'>Sed</span> <span class='ocrx_word' id='word_1_251' title='bbox 177 3521 318 3580; x_wconf 89' lang='lat' dir='ltr'>magnum</span> <span class='ocrx_word' id='word_1_252' title='bbox 332 3508 470 3564; x_wconf 87' lang='lat' dir='ltr'>metuens</span> <span class='ocrx_word' id='word_1_253' title='bbox 486 3523 517 3564; x_wconf 89' lang='lat' dir='ltr'>se</span> <span class='ocrx_word' id='word_1_254' title='bbox 533 3509 600 3585; x_wconf 86' lang='lat' dir='ltr'>post</span> <span class='ocrx_word' id='word_1_255' title='bbox 615 3510 734 3565; x_wconf 90' lang='lat' dir='ltr'>cratera</span> <span class='ocrx_word' id='word_1_256' title='bbox 749 3501 880 3583; x_wconf 89' lang='lat' dir='ltr'>tegebat.</span> 
     </span>
     <span class='ocr_line' id='line_1_39' title="bbox 98 3582 884 3650; baseline 0 -5"><span class='ocrx_word' id='word_1_257' title='bbox 98 3582 227 3646; x_wconf 89' lang='lat' dir='ltr'>Pectore</span> <span class='ocrx_word' id='word_1_258' title='bbox 242 3586 273 3646; x_wconf 93' lang='lat' dir='ltr'>in</span> <span class='ocrx_word' id='word_1_259' title='bbox 288 3587 414 3649; x_wconf 87' lang='lat' dir='ltr'>adverso</span> <span class='ocrx_word' id='word_1_260' title='bbox 429 3594 525 3649; x_wconf 87' lang='lat' dir='ltr'>totum</span> <span class='ocrx_word' id='word_1_261' title='bbox 541 3589 589 3650; x_wconf 92' lang='lat' dir='ltr'>cui</span> <span class='ocrx_word' id='word_1_262' title='bbox 605 3589 767 3650; x_wconf 87' lang='lat' dir='ltr'>cornminus</span> <span class='ocrx_word' id='word_1_263' title='bbox 783 3605 884 3647; x_wconf 88' lang='lat' dir='ltr'>ensem</span> 
     </span>
     <span class='ocr_line' id='line_1_40' title="bbox 99 3667 839 3752; baseline 0.001 -22"><span class='ocrx_word' id='word_1_264' title='bbox 99 3667 241 3731; x_wconf 81' lang='lat' dir='ltr'>Condidit</span> <span class='ocrx_word' id='word_1_265' title='bbox 255 3672 433 3752; x_wconf 90' lang='lat' dir='ltr'>assurgenti,</span> <span class='ocrx_word' id='word_1_266' title='bbox 449 3678 480 3735; x_wconf 91' lang='lat' dir='ltr'>et</span> <span class='ocrx_word' id='word_1_267' title='bbox 493 3674 588 3735; x_wconf 89' lang='lat' dir='ltr'>multa</span> <span class='ocrx_word' id='word_1_268' title='bbox 605 3680 700 3736; x_wconf 88' lang='lat' dir='ltr'>morte</span> <span class='ocrx_word' id='word_1_269' title='bbox 715 3671 839 3752; x_wconf 90' lang='lat' dir='ltr'>recepit.</span> 
     </span>
     <span class='ocr_line' id='line_1_41' title="bbox 97 3752 1007 3839; baseline -0.001 -22"><span class='ocrx_word' id='word_1_270' title='bbox 97 3753 286 3839; x_wconf 89' lang='lat' dir='ltr'>Purpuream</span> <span class='ocrx_word' id='word_1_271' title='bbox 300 3757 392 3820; x_wconf 87' lang='lat' dir='ltr'>vomit</span> <span class='ocrx_word' id='word_1_272' title='bbox 405 3758 455 3820; x_wconf 91' lang='lat' dir='ltr'>ille</span> <span class='ocrx_word' id='word_1_273' title='bbox 471 3759 611 3838; x_wconf 91' lang='lat' dir='ltr'>animam,</span> <span class='ocrx_word' id='word_1_274' title='bbox 626 3764 657 3821; x_wconf 92' lang='lat' dir='ltr'>et</span> <span class='ocrx_word' id='word_1_275' title='bbox 673 3779 740 3822; x_wconf 90' lang='lat' dir='ltr'>eum</span> <span class='ocrx_word' id='word_1_276' title='bbox 754 3753 899 3838; x_wconf 88' lang='lat' dir='ltr'>sanguine</span> <span class='ocrx_word' id='word_1_277' title='bbox 913 3752 1007 3817; x_wconf 83' lang='lat' dir='ltr'>mixta</span> 
     </span>
    </p>
   </div>
   <div class='ocr_carea' id='block_1_3' title="bbox 0 0 1252 4334">
    <p class='ocr_par' dir='ltr' id='par_1_3' title="bbox 0 0 1252 4334">
     <span class='ocr_line' id='line_1_42' title="bbox 0 0 1252 4334; baseline 0 2"><span class='ocrx_word' id='word_1_278' title='bbox 0 0 1252 4334; x_wconf 95' lang='lat' dir='ltr'> </span> 
     </span>
    </p>
   </div>
  </div>
 </body>
</html>
