2496 4334
103 250 167 315 198
438 270 467 314 r.
492 268 634 315 vrsormr
654 266 799 314 masonis

104 420 146 483 Et
160 422 307 483 tumulum
321 420 413 504 capit,
429 420 510 482 unde
525 440 626 483 omnes
639 420 729 502 longo
743 421 846 484 ordine
861 426 963 504 posset

104 505 258 568 Adversas
272 507 387 589 legere,
403 511 434 567 et
448 505 621 569 venientum
636 504 750 567 discere
766 508 876 569 vultus.

145 590 177 652 N
178 611 237 653 unc
252 612 320 672 age,
335 590 520 654 Dardaniam
535 591 649 671 prolem
663 610 740 672 quae
756 591 864 655 deinde
879 596 1024 673 sequatur

104 673 217 754 Gloria,
232 677 285 758 qui
298 681 440 738 maneant
454 674 534 737 Itala
548 675 586 737 de
601 681 692 757 gente
707 682 842 758 nepotes,

102 759 239 822 Illustres
255 760 367 823 animas
381 767 573 841 nostrumque
588 759 620 821 in
633 780 741 821 nomen
755 761 862 840 ituras,

103 845 269 928 Expediam
284 845 382 925 dictis,
398 850 429 908 et
443 851 474 907 te
489 851 542 907 tua
555 845 619 907 fata
633 845 755 907 docebo.

104 929 172 1009 Ille,
187 930 281 1009 vides,
297 951 373 1014 pura
382 929 502 1013 juvenis
517 930 569 1012 qui
583 929 688 992 nititur
702 931 799 1008 hasta,

102 1015 241 1097 Proxima
255 1022 334 1078 sorte
350 1021 434 1078 tenet
447 1014 522 1077 lucis
537 1015 613 1093 loca,
629 1014 740 1097 primus
755 1014 794 1076 ad
809 1034 898 1077 auras

100 1099 262 1162 Aetherias
277 1101 355 1163 Italo
370 1100 545 1163 commixtus
559 1100 704 1181 sanguine
719 1105 834 1181 surget,

103 1183 223 1264 Silvius,
238 1181 390 1249 Albanum
404 1206 523 1263 nomen,
538 1190 592 1246 tua
605 1190 741 1267 postuma
756 1185 873 1266 proles:

102 1267 198 1341 Quem
212 1269 267 1331 tibi
280 1271 425 1352 longaevo
439 1290 539 1332 serum
557 1268 682 1331 Lavinia
700 1270 808 1352 conjux

101 1353 221 1416 Educet
235 1355 316 1417 silvis
330 1376 445 1437 regem,
460 1375 625 1437 regumque
640 1360 817 1436 parentem:

100 1438 192 1501 Unde
208 1460 302 1520 genus
315 1439 422 1522 Longa
435 1446 570 1502 nostrum
584 1438 784 1501 dominabitur
797 1437 888 1499 Alba.
1004 1463 1009 1472 ,

101 1523 259 1585 Proximus
273 1525 323 1587 ille
339 1525 462 1603 Procas,
479 1525 624 1608 Trojanae
640 1523 735 1606 gloria
749 1522 860 1605 gentis,

101 1607 143 1669 Et
159 1607 270 1692 Capys,
286 1614 317 1671 et
332 1608 483 1688 Numitor,
499 1609 596 1692 etqui
610 1615 641 1670 te
656 1608 773 1670 nomine
788 1607 897 1669 reddet

103 1689 212 1754 Silvius
227 1693 360 1772 Aeneas,
375 1694 489 1777 pariter
503 1695 615 1779 pietate
630 1695 679 1756 vel
694 1692 783 1755 armis
1080 1760 1081 1766 ἵ

101 1775 262 1859 Egregius,
278 1777 303 1841 si
317 1800 459 1861 umquam
473 1778 658 1861 regnandam
673 1776 826 1859 acceperit
840 1775 961 1837 Albam.

101 1859 160 1933 Qui
168 1861 316 1945 juvenes!
362 1862 496 1936 Quantas
512 1869 674 1941 ostentant,
691 1862 822 1945 adspice,
838 1859 938 1922 vires!

100 1946 204 2029 Atque
220 1947 358 2010 umbrata
373 1955 483 2030 gerunt
498 1948 577 2011 civili
592 1954 728 2031 tempora
742 1965 867 2029 quercu.

100 2029 144 2092 Hi
158 2031 211 2093 tibi
226 2032 410 2095 Nomentum
425 2040 456 2095 et
471 2032 581 2097 Gabios
597 2033 761 2114 urbemque
776 2030 933 2108 Fidenam

100 2115 144 2177 Hi
161 2116 322 2180 Collatinas
333 2119 485 2200 imponent
498 2118 647 2180 montibus
662 2136 759 2195 arces,

100 2200 249 2265 Pometios
265 2201 463 2284 Castrumque
479 2202 549 2264 Inui
563 2202 729 2284 Bolamque
745 2200 933 2281 Coramque:

100 2284 187 2348 Haec
204 2292 268 2348 tum
281 2287 400 2349 nomina
414 2293 514 2366 erunt,
529 2307 609 2349 nunc
624 2293 694 2348 sunt
708 2285 772 2348 sine
787 2284 904 2347 nomine
919 2289 1031 2346 terrae.

101 2367 180 2441 Quin
195 2377 226 2432 et
241 2392 296 2434 avo
311 2372 448 2434 comitem
462 2393 528 2434 sese
543 2371 710 2434 Mavortius
725 2369 818 2432 addet

100 2453 255 2534 Romulus,
270 2457 414 2519 Assaraci
428 2478 517 2538 quem
532 2456 683 2538 sanguinis
698 2455 756 2517 Ilia
770 2460 867 2516 mater

100 2538 228 2602 Educet.
273 2542 397 2620 Viden',
413 2549 448 2602 ut
463 2542 597 2623 geminae
613 2547 695 2603 stant
710 2539 822 2602 vertice
838 2537 959 2615 cristae,

100 2623 141 2686 Et
155 2632 242 2708 pater
255 2625 319 2710 ipse
335 2647 388 2689 suo
403 2647 544 2709 superum
553 2627 618 2709 jam
632 2625 732 2706 signat
748 2625 858 2686 honore
872 2621 885 2684 l
928 2672 935 2687 r

99 2707 158 2789 En,
173 2711 273 2793 hujus,
288 2717 370 2790 nate,
386 2711 525 2794 auspiciis
540 2711 591 2773 illa
604 2711 718 2792 inclyta
732 2709 829 2771 Roma

97 2793 260 2876 Imperium
275 2797 375 2875 terris,
390 2797 503 2859 animos
518 2795 659 2877 aequabit
675 2793 815 2877 Olympo,

100 2875 280 2962 septemque
295 2901 356 2943 una
371 2881 425 2943 sibi
439 2902 524 2942 muro
539 2879 735 2942 circumdabit
750 2898 846 2955 arces,

96 2961 183 3026 Felix
197 2967 279 3047 prole
295 2967 410 3029 virum:
436 2967 531 3048 qualis
546 2964 730 3048 Berecyntia
744 2969 841 3025 mater

97 3046 254 3111 Invehitur
269 3071 359 3113 curru
374 3050 524 3134 Phrygias
539 3050 648 3112 turrita
662 3069 716 3130 per
729 3048 831 3125 urbes,

97 3131 193 3196 Laeta
207 3135 296 3196 deum
311 3141 411 3219 partu,
427 3141 548 3198 centum
564 3134 718 3216 complexa
731 3139 867 3215 nepotes,

98 3215 210 3280 Omnes
225 3220 391 3298 coelicolas,
407 3241 508 3282 omnes
523 3239 632 3302 supera
647 3220 709 3280 alta
729 3223 877 3279 tenentes.

97 3301 168 3365 Huc
184 3304 316 3385 geminas
331 3325 410 3367 nunc
425 3306 512 3367 flecte
528 3305 608 3367 acies
621 3323 629 3380 3
649 3304 726 3365 hanc
742 3302 862 3384 adspice
879 3306 1011 3382 gentem,

97 3387 306 3471 Romanosque
322 3395 399 3451 tuos.
443 3389 504 3451 Hic
521 3389 634 3452 Caesar
648 3394 680 3450 et
694 3388 789 3450 omnis
805 3385 866 3448 Iuli

97 3471 273 3555 Progenies,
287 3495 429 3555 magnum
445 3474 520 3536 coeli
535 3480 663 3536 ventura
678 3473 732 3534 sub
748 3493 845 3535 axem.

97 3558 159 3621 Hic
175 3558 231 3636 vir,
245 3559 294 3621 hic
310 3566 367 3638 est,
382 3559 436 3621 tibi
452 3580 542 3641 quem
557 3557 689 3641 promitti
704 3557 822 3640 saepius
837 3552 935 3630 audis,

97 3642 256 3724 Augustus
273 3644 396 3723 Caesar,
410 3643 481 3707 Divi
496 3664 611 3726 genus:
636 3663 728 3705 aurea
749 3641 858 3704 condet

100 3725 228 3793 Saecula
242 3730 293 3812 qui
308 3750 410 3792 rursus
426 3728 524 3809 Latio,
539 3733 666 3810 regnata
680 3748 735 3810 per
750 3747 823 3789 arva
