2496 4334
143 267 205 330 190
479 282 508 328 r.
532 281 673 350 44444444
695 282 838 328 4444444

142 437 280 499 Proxima
295 435 402 498 deinde
418 441 521 497 tenent
536 434 640 497 maesti
654 436 730 513 loca,
746 435 796 518 qui
812 436 867 498 sibi
881 438 976 500 letum

142 522 280 584 Insontes
294 541 438 602 peperere
452 541 554 598 manu,
568 521 725 602 lucemque
741 521 838 602 perosi
1129 539 1177 586 445

142 607 300 689 Projecere
316 606 437 668 animas.
484 604 580 676 Quam
595 606 706 667 vellent
720 606 840 668 aethere
855 606 961 669 144144

142 691 174 751 Ν
177 712 233 752 444
250 697 280 752 44
295 690 468 772 pauperiem
483 695 514 751 et
529 689 618 751 duros
633 689 766 772 perferre
781 690 917 756 labores!

142 776 201 837 Fas
216 776 323 853 obstat,
338 775 475 856 tristique
491 775 576 855 palus
589 774 754 836 inamabilis
769 775 850 838 unda

142 861 269 941 Alligat,
285 866 316 921 44
329 859 432 921 novies
449 856 526 941 Styx
540 859 685 920 intmfusa
700 866 828 922 coercet.

142 944 173 1005 N
176 966 209 1006 ec
225 944 328 1026 procul
341 944 410 1005 hinc
426 950 542 1026 partem
557 943 616 1006 fusi
630 950 832 1006 monstrantur
845 944 877 1005 in
891 964 1009 1007 omnem
1128 964 1176 1012 440

142 1030 295 1110 Lugentes
311 1028 426 1110 campi:
451 1028 493 1090 sio
508 1029 573 1090 illos
588 1028 704 1089 nomine
721 1028 834 1091 dicunt.

141 1114 213 1190 Hic,
230 1135 303 1194 quos
318 1113 410 1174 durus
426 1133 507 1174 amor
522 1112 637 1174 crudeli
651 1112 719 1174 tabe
735 1113 862 1194 peredit,

144 1198 260 1260 Secrcti
276 1199 374 1260 celant
389 1199 489 1274 calles,
505 1203 536 1258 et
550 1202 667 1278 myrtea
683 1197 795 1259 circum

144 1282 225 1344 Silva
241 1283 317 1363 tegit
329 1302 337 1357 ;
361 1302 450 1343 curae
465 1301 524 1342 444
538 1282 603 1362 ipsa
616 1281 648 1342 in
662 1287 757 1343 morte
772 1281 953 1364 relinquunt.

142 1369 199 1429 His
216 1366 386 1429 Phaedram
401 1365 594 1448 Procrimque
609 1365 692 1443 locis,
706 1373 908 1448 maestamque
924 1366 1102 1449 Eriphylen,
1128 1385 1176 1434 444

143 1453 280 1514 Crudelis
296 1451 359 1513 nati
372 1456 586 1512 monstrantem
601 1451 734 1530 vulnera,
750 1451 856 1529 cernit,

141 1537 358 1618 Evadnenque,
374 1541 405 1596 et
420 1535 609 1616 Pasiphadn3
631 1535 677 1597 his
692 1535 853 1599 Laodamia

142 1622 173 1683 It
188 1641 295 1698 comes,
312 1627 343 1682 44
352 1619 471 1703 juvenis
486 1620 645 1702 quondam,
659 1641 738 1683 nunc
753 1621 873 1700 femina,
889 1619 1038 1698 Caeneus,

141 1706 257 1768 Rursus
273 1706 349 1767 etin
364 1712 496 1766 veterem
509 1705 570 1767 fato
586 1706 721 1767 revoluta
735 1707 873 1787 figuram.

183 1790 236 1852 Int
223 1798 269 1852 ter
284 1810 358 1872 quas
374 1789 537 1852 Phoenissa
551 1811 656 1852 recens
670 1811 689 1852 a
702 1790 825 1853 vulnere
840 1789 919 1853 Dido
1128 1808 1175 1856 444

142 1874 272 1938 Errabat
286 1875 382 1937 silva
374 1896 406 1935 m
419 1894 548 1955 magna:
572 1895 661 1972 quam
676 1874 780 1937 Troius
794 1875 882 1937 heros

141 1959 187 2022 Ut
175 1961 327 2043 tprimum
337 1961 454 2043 juxtas
439 1959 522 2021 stetit
525 1960 727 2056 ,agnovitque
742 1981 797 2042 per
811 1960 946 2026 umbram

143 2043 319 2124 Obscuram,
335 2044 454 2126 qualem
468 2044 561 2126 primo
577 2045 628 2127 qui
642 2065 765 2126 surgere
780 2065 882 2106 mense

43 2179 46 2185 ,
115 2125 207 2191 ¹Aut
220 2130 302 2191 videt
290 2135 381 2208 4444
369 2128 573 2191 tvidisset
518 2136 591 2210 puta
591 2136 672 2211 tper
686 2129 787 2191 nubila
800 2130 911 2207 lunam,

141 2214 268 2276 Demisit
255 2216 440 2296 tlaerymas,
456 2213 594 2295 dulcique
610 2215 679 2276 affat
666 2220 715 2275 tus
729 2234 828 2276 amore
844 2223 909 2277 est:
1126 2233 1175 2281 455

141 2298 250 2359 Infelix
264 2297 354 2376 Dido,
369 2318 458 2359 verus
472 2298 544 2359 mihi
557 2299 677 2360 nuntius
693 2319 764 2380 ergo

140 2382 278 2446 Venerat
293 2384 469 2446 exstinctam
483 2384 621 2464 ferroque
637 2391 770 2445 extrema
784 2381 944 2446 secutam?

140 2467 266 2530 Funeris
281 2469 341 2530 heu
356 2468 409 2529 tibi
424 2488 529 2530 caussa
543 2467 612 2528 fui?
655 2468 716 2529 Per
731 2468 829 2529 sidera
838 2469 920 2551 juro,

140 2553 202 2615 Per
216 2574 349 2636 superos,
365 2560 396 2615 et
410 2553 435 2614 si
452 2573 512 2634 qua
524 2552 599 2614 fides
615 2553 721 2614 tellure
737 2553 790 2614 sub
805 2553 865 2615 ima
880 2561 945 2616 est:

140 2637 222 2700 Iuvit
209 2646 269 2717 tus,
284 2639 399 2719 regina,
413 2644 465 2699 tuo
480 2637 517 2698 de
533 2637 619 2698 litore
635 2638 731 2712 cessi,
723 2657 730 2670 ·
1126 2657 1174 2705 444

142 2721 203 2784 Sed
217 2745 265 2785 me
276 2724 361 2806 jussa
376 2722 475 2799 deum,
491 2742 578 2868 quact
583 2743 661 2783 nunc
675 2722 752 2784 has
744 2744 788 2784 1re
803 2743 858 2804 per
871 2721 1001 2801 umbras,

140 2808 201 2869 Per
214 2746 289 2870 locaJ
295 2815 380 2869 44444
393 2807 452 2869 situ
467 2827 523 2888 coc>
506 2829 564 2868 run
565 2813 774 2904 tuoctemque
782 2806 969 2889 profundam,

141 2892 277 2974 Imperiis
293 2912 382 2973 egere
399 2892 470 2971 4414,
485 2912 540 2953 444
557 2891 679 2953 credere
696 2891 777 2972 quivi

140 2977 260 3039 Hunct
247 2983 364 3039 atnum
313 2976 431 3037 umtibi
445 2997 492 3038 me
511 2976 642 3037 discessu
656 2975 734 3036 ferre
750 2976 891 3037 (14144444.

142 3059 401 3144 Sistctegradumt
403 3082 478 3142 eque
493 3060 637 3142 adspectu
651 3080 689 3120 44
704 3061 772 3120 subt
773 3061 843 3121 rahe
859 3065 968 3121 nostro.
1126 3078 1173 3125 444

140 3144 237 3218 Quem
253 3145 356 3226 fugis?
381 3152 545 3207 extremum
559 3144 631 3221 fate,
647 3144 726 3224 quod
741 3151 771 3205 44
786 3145 929 3226 alloquor,
945 3145 1001 3206 hoc
1017 3149 1072 3206 est.

140 3231 260 3291 Talibus
274 3231 397 3291 Aeneas
412 3229 566 3290 ardentem
583 3235 614 3289 44
627 3234 713 3289 torva
727 3234 861 3289 44444444

140 3313 268 3376 Lenibat
282 3314 369 3375 (114414
384 3313 523 3389 animum,
538 3313 744 3394 lacrymasque
761 3313 867 3375 ciebat.

141 3398 197 3462 Illa
212 3400 273 3461 solo
286 3400 360 3460 fixos
375 3399 474 3459 oeulos
490 3417 595 3458 aversa
609 3397 731 3458 tenebat
744 3416 752 3473 ;

140 3484 207 3546 Nec
223 3505 293 3566 mag
275 3485 316 3545 414
332 3484 448 3562 incepto
464 3481 528 3543 vult
516 3487 578 3542 tum
593 3502 726 3544 sermone
742 3489 887 3560 movetur,
1127 3499 1174 3547 474

141 3568 275 3642 Quam'
253 3590 278 3630 s1
293 3570 369 3630 dura
383 3567 456 3664 silex
471 3572 551 3627 4444
537 3572 597 3627 stet
611 3567 757 3664 marpesia
772 3588 827 3629 cau
829 3575 884 3628 444

140 3653 274 3715 Tandem
289 3651 431 3734 corripuit
445 3672 521 3730 sese,
538 3652 651 3733 atque'
644 3652 762 3713 mimica
776 3651 889 3732 refugit

140 3737 179 3799 In
192 3759 296 3800 nemus
313 3737 516 3814 umbriferum,
532 3737 640 3819 conjux
654 3735 705 3795 ubi
719 3736 859 3818 pristinus
876 3735 918 3797 illi
