2496 4334
60 334 65 341 ἰ
102 245 164 309 200
460 263 488 308 P.
512 264 652 310 vmcrnn
674 263 818 310 unnorus

101 415 207 497 Tuque
223 415 313 498 prior,
329 421 364 478 tu
378 436 480 498 parce,
497 437 591 497 genus
607 417 658 498 qui
673 416 756 479 ducis
773 415 912 501 Olympo,

101 501 218 584 Projice
233 503 295 563 tela
308 522 409 579 manu,
425 501 546 583 sanguis
560 522 644 563 meus
658 501 664 565 l
1092 524 1141 588 ⁸35

103 585 157 647 [lle
172 585 354 668 triumphata
370 586 517 668 Capitolia
531 586 570 648 ad
586 587 647 648 alta
663 586 805 649 Corintho

100 671 207 732 Victor
222 678 293 752 aget
308 692 438 749 currum,
454 671 548 733 caesis
562 671 685 753 insignis
699 672 834 735 Achivis.

101 756 197 817 Eruet
211 756 260 817 ille
276 756 377 837 Argos
392 755 703 838 Agamemnoniasque
719 757 876 840 Mycenas,

100 840 262 923 Ipsumque
278 840 446 919 Aeaciden,
461 861 557 922 genus
571 842 775 924 armipotentis
790 842 914 921 Achilli,

99 925 191 988 Ultus
207 946 277 988 avos
292 926 410 1009 Trojae,
425 928 537 1009 templa
553 932 584 987 et
599 932 746 988 temerata
760 927 927 989 Minervae.
1093 950 1140 998 840

100 1009 174 1083 Quis
189 1017 231 1088 te,
247 1031 354 1092 magno
374 1010 460 1089 Cato,
475 1013 611 1091 tacitum,
627 1017 736 1090 nolte,
753 1011 856 1090 Oosse,
872 1013 1047 1095 relinquat?

100 1094 173 1166 Quis
189 1094 320 1159 Gracchi
334 1117 439 1177 genus,
451 1103 504 1158 aut
519 1096 662 1179 geminos,
677 1096 736 1158 duo
750 1097 875 1160 fulmina
888 1098 968 1178 belli,

102 1178 268 1263 Scipiadas,
285 1181 401 1244 cladem
416 1180 541 1266 Libyae,
556 1201 707 1263 parvoque
723 1188 875 1264 potentem

99 1264 279 1345 Fabricium,
295 1268 343 1328 vel
358 1273 387 1328 te
403 1266 496 1345 sulco,
514 1266 654 1346 Serrane,
671 1267 847 1329 serentem?

99 1348 166 1422 Quo
180 1352 293 1413 fessum
306 1352 420 1433 rapitiS,
436 1350 547 1414 Fabii?
592 1351 639 1413 Tu
653 1351 804 1424 Maximus
818 1353 868 1414 ille
884 1373 927 1432 es,
1093 1372 1141 1419 845

98 1435 186 1498 Unus
201 1436 253 1519 qui
266 1436 349 1498 nobis
365 1437 534 1500 cunctando
548 1437 680 1500 restituis
694 1457 768 1498 rem.

99 1519 260 1583 Excudent
274 1521 323 1583 alii
338 1521 481 1604 spirantia
495 1523 610 1584 mollius
626 1542 707 1599 aera,

101 1603 198 1668 Oredo
214 1605 363 1688 equidem,
379 1607 461 1668 vivos
476 1606 587 1670 ducent
602 1607 639 1669 do
654 1627 800 1669 marmore
816 1607 927 1685 vultus,

100 1688 238 1752 Orabunt
253 1711 373 1753 caussas
387 1691 505 1772 melius,
521 1693 654 1774 coelique
670 1697 786 1754 meatus

99 1773 278 1838 Describent
292 1775 375 1838 radio
391 1783 422 1838 et
436 1778 590 1859 surgentia
605 1776 703 1839 sidera
719 1776 820 1839 dicent
832 1795 840 1851 ;
1091 1793 1139 1842 850

99 1861 146 1923 'lu
160 1882 266 1942 regere
281 1861 405 1943 imperio
420 1864 553 1944 populos,
568 1863 716 1939 Romane,
731 1865 901 1924 memento:

98 1945 168 2008 Hae
183 1946 237 2008 tibi
253 1952 341 2008 erunt
356 1953 447 2026 artes,
462 1947 603 2030 pacisque
618 1947 769 2028 imponere
784 1967 908 2024 morem,

99 2029 228 2094 Parcere
244 2032 396 2115 subjectis,
412 2039 443 2095 et
458 2033 608 2095 debellare
624 2033 777 2115 superbos.

143 2116 193 2179 Sic
209 2123 296 2200 pater
310 2117 470 2196 Anchises,
487 2124 577 2200 atque
591 2118 667 2179 haec
681 2116 858 2178 mirantibus
873 2114 977 2178 addit:

96 2203 243 2284 Adspice,
258 2210 293 2264 ut
307 2202 430 2284 insignis
445 2204 545 2285 spoliis
559 2202 723 2264 Marcellus
739 2201 842 2283 opimis

97 2287 282 2369 Ingreditur,
298 2287 452 2369 victorque
467 2288 544 2349 viros
560 2287 760 2369 supereminet
775 2283 895 2348 omnes!

97 2372 158 2434 Hic
174 2394 237 2434 rem
252 2373 428 2451 Romanam,
444 2393 552 2454 magno
568 2373 707 2434 turbante
722 2371 864 2447 tumultu,

99 2455 202 2536 Sistct,
218 2478 309 2540 eques
324 2463 439 2519 sternet
453 2458 569 2520 Poenos
586 2456 764 2538 Gallumque
781 2455 934 2532 rebellem,

97 2542 258 2624 Tertiaque
276 2563 359 2604 arma
370 2543 449 2626 patri
463 2543 626 2625 suspendet
640 2548 729 2624 capta
743 2538 875 2613 Quirino.

95 2627 200 2710 Atque
214 2628 262 2689 hic
277 2627 399 2690 Aeneas
413 2649 421 2704 ;
444 2650 504 2690 una
519 2648 646 2709 namque
659 2627 703 2688 ire
719 2627 840 2688 ridebat

96 2713 261 2794 Egregium
276 2713 371 2775 forma
379 2714 522 2797 juvenem
534 2719 566 2775 et
580 2712 762 2794 fulgentibus
778 2710 878 2788 armis,

98 2797 160 2859 Sed
175 2799 256 2860 frons
270 2798 350 2860 laeta
361 2819 477 2879 parum,
493 2805 524 2860 et
539 2798 655 2881 dejecto
669 2797 782 2858 lumina
796 2797 901 2856 vultu:

97 2881 181 2962 Qus,
196 2889 293 2964 pater,
308 2883 369 2962 ille,
386 2884 480 2944 virum
496 2884 547 2965 qui
562 2884 603 2944 sic
620 2883 778 2945 comitatur
793 2877 940 2943 euntem?

96 2967 199 3045 Filius,
216 2989 292 3029 anne
308 2969 414 3050 aliquis
428 2989 537 3049 magna
552 2967 590 3029 de
605 2968 697 3049 stirpe
712 2964 880 3049 nepotum?

97 3052 155 3124 Qui
170 3053 311 3135 strepitus
326 3054 406 3115 circa
421 3052 580 3116 comitum!
605 3059 749 3134 quantum
760 3053 854 3112 instar
870 3050 901 3110 in
915 3049 978 3130 ipso
990 3047 996 3112 l

98 3135 159 3200 Sed
174 3159 232 3199 nox
246 3146 312 3200 atra
327 3144 418 3220 caput
433 3139 508 3200 tristi
524 3138 717 3201 circumvolat
731 3137 845 3199 umbra.

96 3222 173 3283 Tum
188 3229 275 3304 pater
289 3222 450 3301 Anchises,
464 3223 605 3306 lacrymis
619 3223 771 3304 ingressus
787 3219 896 3283 obortis
910 3242 917 3280 ε

97 3305 124 3368 Ο
140 3314 242 3388 gnate,
256 3307 409 3388 ingentem
423 3309 536 3369 luctum
550 3329 589 3370 ne
605 3329 716 3390 quaere
732 3313 862 3382 tuorum,

97 3390 266 3454 Ostendent
281 3393 369 3454 terris
383 3392 462 3453 hunc
478 3399 594 3454 tantum
608 3394 681 3471 fata,
697 3413 795 3474 neque
811 3391 891 3452 ultra

96 3478 171 3540 Esse
187 3478 294 3540 sinent.
341 3477 474 3539 Nimium
488 3478 571 3539 vobis
586 3478 721 3539 Romana
735 3497 867 3559 propago

95 3563 171 3626 Visa
185 3569 301 3646 potens,
319 3560 437 3644 Superi,
452 3563 572 3646 propria
585 3562 659 3625 haec
676 3563 700 3624 si
715 3563 793 3624 dona
806 3561 943 3622 fussent.

96 3646 229 3720 Quantos
244 3648 293 3710 ille
309 3649 405 3711 virum
419 3669 559 3730 magnam
574 3647 719 3710 Mavortis
735 3647 774 3710 ad
789 3646 895 3708 urbem

97 3731 227 3816 Campus
242 3738 313 3815 agot
327 3734 455 3816 gemitus
468 3754 477 3810 ;
499 3734 548 3798 vcl
563 3753 650 3815 quae,
666 3733 816 3811 Tiberine,
832 3728 945 3792 videbis
