2496 4334
444 287 603 333 ARNEIDOS
625 287 690 333 LIB.
715 287 762 334 VI.

413 671 784 742 AENEIDOS

452 871 563 925 LIBER
582 872 739 925 SEXTUS.

76 1024 130 1088 Src
146 1027 227 1089 fatur
241 1028 421 1110 lacrymans,
437 1028 583 1110 classique
600 1027 731 1090 immittit
745 1028 888 1106 habenas,

74 1110 115 1173 Et
128 1111 250 1174 tandem
266 1112 407 1176 Euboicis
423 1112 585 1176 Cumarum
600 1113 739 1176 allabitur
753 1114 822 1177 oris.

76 1195 246 1258 Obvertunt
260 1198 367 1280 pelago
382 1220 483 1281 proras
498 1218 506 1274 ;
529 1204 593 1261 tum
606 1199 696 1261 dente
711 1199 811 1262 tenaci

74 1281 198 1344 Ancora
211 1283 357 1346 fundabat
370 1305 473 1361 naves,
489 1290 521 1346 et
534 1284 621 1346 litora
636 1305 745 1346 curvae

75 1364 261 1429 Praetexunt
275 1390 399 1451 puppes.
444 1370 597 1432 Juvenum
612 1390 717 1431 manus
733 1369 841 1431 emicat
855 1368 963 1430 ardens
1080 1388 1096 1432 5

75 1450 162 1514 Litus
175 1453 207 1514 in
220 1452 422 1536 Hesperium;
444 1455 562 1536 quaerit
577 1475 646 1536 pars
661 1455 773 1516 semina
787 1455 921 1516 flammae

75 1535 227 1600 Abstrusa
240 1538 272 1600 in
287 1540 370 1602 venis
385 1540 474 1601 silicis
488 1560 496 1615 ;
519 1560 589 1621 pars
604 1540 698 1602 densa
712 1540 844 1601 ferarum

75 1620 171 1685 Tecta
184 1623 273 1706 rapit,
288 1624 386 1703 silvae,
401 1624 581 1706 inventaque
596 1625 717 1686 flumina
730 1630 885 1687 monstrat.

73 1705 119 1768 At
133 1708 200 1790 pius
213 1709 336 1772 Aeneas
351 1730 446 1788 arces,
462 1709 568 1791 quibus
584 1711 662 1772 altus
676 1708 785 1791 Apollo

74 1790 244 1871 Praesidet,
258 1795 484 1877 horrendaeque
500 1796 603 1877 procul
619 1801 736 1856 secreta
754 1793 897 1879 Sibyllae,
1080 1815 1110 1862 lo

73 1877 206 1940 Antrum
220 1879 359 1958 immane,
374 1880 460 1963 petit,
474 1901 614 1961 magnam
630 1879 678 1942 cui
692 1886 823 1942 mentem
838 1881 1027 1962 animumque

73 1959 180 2025 Delius
193 1964 319 2045 inspirat
333 1972 428 2042 vates,
443 1965 598 2046 aperitque
613 1964 725 2026 futura.

72 2045 96 2108 J
96 2066 144 2107 am
159 2048 287 2112 subeunt
302 2049 419 2111 Triviae
433 2051 516 2112 lucos
532 2057 621 2131 atquc
637 2070 729 2112 aurea
743 2055 834 2112 tecta.

116 2132 281 2212 Daedalus,
295 2141 330 2196 ut
344 2135 424 2197 fama
439 2141 496 2213 est,
510 2135 628 2216 fugiens
641 2134 756 2196 Minoia
770 2155 874 2216 regna,

73 2215 270 2300 Praepetibus
285 2219 390 2302 pennis
405 2240 495 2282 ausus
510 2240 542 2281 se
558 2220 681 2282 credere
697 2221 790 2298 coelo,

73 2301 232 2365 Insuetum
245 2325 300 2387 per
314 2305 372 2367 iter
387 2304 500 2386 gelidas
516 2305 616 2367 enavit
631 2304 670 2366 ad
685 2304 809 2383 Arctos,

75 2386 305 2472 Chalcidicaque
320 2389 394 2452 levis
408 2389 531 2451 tandem
545 2412 635 2471 super
650 2389 765 2451 adstitit
779 2410 859 2452 arce.

73 2471 222 2536 Redditus
236 2475 281 2536 his
296 2475 423 2556 primum
438 2474 536 2553 terris,
552 2476 616 2554 tibi,
633 2475 765 2553 Phoebe,
781 2476 909 2538 sacravit

73 2556 244 2639 Remigium
258 2561 383 2637 alarum,
399 2561 555 2641 posuitque
571 2560 711 2621 immania
726 2561 847 2642 templa.

72 2641 111 2704 In
126 2643 237 2707 foribus
251 2646 345 2707 letum
358 2645 523 2726 Androgeo
537 2665 545 2721 ;
567 2651 632 2706 tum
647 2645 777 2726 pendere
793 2666 904 2727 poenas

74 2727 258 2811 Cecropidae
268 2730 345 2813 jussi
358 2764 399 2775 -
407 2728 567 2793 miserum!
582 2737 762 2811 —septena
776 2731 934 2812 quotannis

74 2811 207 2895 Corpora
220 2827 356 2877 natorum
371 2835 380 2890 ;
402 2821 462 2877 stat
477 2815 574 2876 ductis
590 2815 717 2877 sortibus
732 2836 818 2877 urna.

74 2897 186 2960 Contra
201 2900 280 2961 elata
293 2899 368 2962 mari
383 2900 546 2982 respondet
562 2898 674 2962 Gnosia
689 2901 797 2962 tellus:

72 2982 133 3044 Hic
149 2983 276 3046 crudelis
291 3006 373 3047 amor
387 2985 477 3062 tauri,
492 2991 692 3067 suppostaque
709 2985 789 3047 furto

72 3067 232 3150 Pasiphae,
247 3069 431 3151 mixtumque
447 3090 555 3150 genus,
572 3070 730 3153 prolesque
745 3068 891 3148 biformis,

72 3154 271 3232 Minotaurus,
286 3154 374 3232 inest,
390 3155 520 3218 Veneris
534 3160 726 3216 monumenta
739 3155 886 3218 nefandae
901 3176 909 3232 ;

72 3238 133 3299 Hic
147 3238 232 3300 labor
246 3239 295 3300 ille
310 3240 426 3316 domus,
442 3246 474 3301 et
490 3239 701 3302 inextricabilis
718 3260 801 3302 error
814 3260 823 3315 ;

72 3323 219 3404 Magnum
232 3323 355 3405 reginae
370 3324 424 3386 sed
439 3324 517 3385 enim
531 3325 688 3386 miseratus
703 3345 834 3386 amorem
858 3382 861 3389 .

71 3408 237 3485 Daedalus,
251 3409 315 3490 ipsc
331 3409 412 3471 dolos
427 3409 501 3470 tecti
516 3410 716 3491 ambagesque
733 3410 864 3486 resolvit,

73 3493 173 3555 Caeca
188 3513 296 3574 regens
310 3495 359 3554 filo
375 3493 511 3574 vestigia.
558 3494 604 3555 Tu
619 3515 736 3575 quoque
753 3515 892 3574 magnam

72 3578 196 3638 Partem
210 3598 300 3659 opere
315 3579 346 3639 in
361 3585 455 3656 tanto,
471 3578 583 3640 sineret
599 3579 691 3656 dolor,
707 3579 806 3656 Icare,
821 3579 958 3639 haberes.

72 3663 126 3724 Bis
141 3670 265 3724 conatus
281 3669 346 3724 erat
362 3684 448 3725 casus
462 3664 602 3745 effingere
618 3665 649 3725 in
663 3684 756 3724 auro:

71 3747 126 3809 Bis
140 3747 255 3829 patriae
271 3748 407 3810 cecidere
422 3769 537 3810 manus.
584 3746 664 3820 Quin
682 3756 824 3829 protenus
843 3746 942 3824 omnia
