2496 4334
96 220 159 282 230
430 241 460 287 r.
484 241 626 287 vinorum
648 237 792 286 unacum

95 390 265 455 Herculeas
280 399 311 455 et
332 393 414 456 facta
427 393 547 456 ferunt:
571 400 606 456 ut
620 392 716 477 prima
730 414 877 456 novercae

96 475 234 539 Monstra
248 499 338 540 manu
353 479 545 561 geminosque
560 500 699 562 premens
714 479 827 541 eliserit
842 499 956 561 angues
968 497 977 554 ;

98 563 142 624 Ut
156 564 234 624 bello
249 565 387 646 egregias
401 565 483 627 idem
498 565 650 648 disjecerit
664 565 764 641 urbes,

97 649 275 731 Trojamque
292 648 525 732 Oechaliamque
538 670 547 726 ;
568 655 603 711 ut
618 650 707 711 duros
723 649 802 711 mille
816 648 934 710 labores

96 735 182 815 Rege
198 734 253 795 sub
268 733 440 818 Eurystheo
454 736 524 798 fatis
538 735 666 797 Juuonis
681 735 801 817 iniquae

96 819 269 881 Pertulerit.
315 821 361 883 Tu
383 821 560 903 nubigenas,
575 821 697 900 invicte,
708 818 898 896 bimembreS,

96 904 309 988 Hylaeumque
324 905 522 989 Pholumque,
537 927 639 984 manu,
651 912 685 967 tu
701 905 806 968 Cresia
819 909 934 965 mactas

96 990 239 1072 Prodigia
255 997 286 1052 et
301 997 418 1053 vastum
433 992 551 1054 Nemea
566 992 621 1054 sub
636 1012 710 1074 rupe
728 992 855 1053 leonem.

96 1075 139 1138 Te
157 1074 255 1159 Stygii
270 1082 419 1139 tremuere
434 1078 528 1155 lacus,
543 1083 574 1138 te
589 1076 703 1160 janitor
719 1075 791 1139 Orci

97 1159 174 1223 Ossa
185 1170 275 1244 super
288 1162 436 1224 recubans
451 1169 536 1224 antro
551 1163 676 1225 semiesa
698 1170 843 1240 cruent03

96 1245 206 1308 Necte
222 1247 301 1308 ullae
316 1247 419 1326 facies,
433 1268 493 1309 nou
507 1246 615 1308 terruit
633 1248 697 1329 ipse
713 1247 885 1331 TyphoeuS,

95 1331 220 1393 Arduus
235 1352 319 1394 arma
333 1339 451 1410 tenens,
465 1353 526 1394 nou
540 1338 571 1393 te
586 1332 708 1395 rationis
724 1340 864 1414 egentem

95 1415 249 1479 Lernaeus
264 1417 352 1480 turba
367 1419 498 1500 capitum
513 1417 709 1480 circumstetit
723 1420 840 1500 anguis.

98 1498 199 1581 Salve,
214 1523 287 1564 vera
307 1503 392 1565 Jovis
407 1504 516 1586 proles,
533 1503 624 1566 decus
639 1502 740 1566 addite
756 1504 843 1583 divis,

97 1587 138 1649 Et
152 1607 205 1649 nos
221 1593 253 1674 et
267 1594 319 1650 tua
334 1587 440 1650 dexter
455 1588 504 1651 adi
519 1589 595 1672 pede
611 1609 697 1651 sacra
712 1590 854 1652 secundo.

96 1671 181 1734 Talia
196 1672 374 1736 carminibus
390 1675 565 1750 celebrant3
587 1694 677 1756 super
690 1675 788 1737 omnia
800 1674 873 1737 Caci

98 1755 279 1840 Speluncam
294 1757 438 1842 adjiciunt
453 1759 674 1843 spirantemque
689 1759 807 1841 ignibus
822 1761 928 1842 ipsum.

98 1842 248 1905 Consonat
262 1864 348 1906 omne
363 1865 468 1907 nemus
483 1845 620 1927 strepitu,
637 1845 785 1928 collesque
800 1847 957 1909 resultant.
982 1911 984 1915 ,

139 1927 218 1990 Exin
233 1949 265 1991 se
280 1930 381 1992 cuncti
396 1930 502 1992 divinis
517 1931 606 1992 rebus
621 1930 660 1992 ad
674 1931 779 1992 urbem

97 2013 244 2076 Perfectis
259 2016 407 2077 referunt.
452 2016 522 2078 Ibat
536 2037 590 2077 rex
606 2015 717 2078 obsitus
733 2037 818 2093 aevo,

97 2099 139 2162 Et
154 2100 292 2163 comitem
306 2100 435 2164 Aenean
451 2102 540 2185 juxta
554 2106 717 2183 natumque
733 2102 856 2164 tenebat

96 2185 286 2268 Ingrediens,
301 2187 443 2269 varioque
458 2186 536 2248 viam
550 2207 684 2248 sermone
702 2187 834 2249 levabat.

96 2271 228 2333 Miratur
249 2272 412 2354 facilesque
428 2272 528 2332 oculos
542 2272 602 2333 fert
617 2271 714 2333 omnia
729 2272 842 2335 circum
876 2269 879 2273 ’

96 2355 230 2434 Aeneas,
247 2357 423 2439 capiturque
438 2357 522 2435 locis,
538 2364 569 2418 et
584 2357 701 2438 singula
715 2357 814 2419 laetus

97 2440 295 2525 Exquiritque
312 2442 453 2524 auditque
469 2443 566 2504 virum
580 2448 771 2506 monumenta
793 2442 933 2524 priorum.

56 2558 61 2568 ·
97 2527 174 2589 Tum
188 2548 242 2590 rex
257 2527 428 2606 Evandrus,
443 2528 596 2590 Romanae
620 2528 755 2590 conditor
770 2528 868 2590 arcis:

96 2611 183 2676 Haec
199 2634 321 2674 nemora
334 2612 606 2695 indigenaeFauni
627 2614 837 2696 nymphaeque
853 2613 1007 2692 tenebant,

99 2696 241 2781 (iensque
253 2699 349 2760 virum
364 2699 477 2760 truncis
493 2704 524 2760 et
539 2698 613 2760 duro
628 2699 734 2760 robore
756 2706 839 2777 nata,

98 2782 171 2855 Quis
186 2805 284 2866 neque
299 2805 362 2846 mos
376 2805 475 2866 neque
491 2785 589 2846 cultus
605 2790 681 2862 erat,
693 2804 749 2845 nec
760 2784 890 2866 jungere
906 2789 1008 2847 tauros

97 2868 163 2930 Aut
178 2889 354 2951 componere
370 2891 441 2952 opes
456 2876 574 2947 norant,
590 2876 642 2931 aut
657 2890 781 2951 parcere
797 2878 906 2951 parto;

99 2952 161 3016 Sed
176 2955 251 3016 rami
266 2960 356 3037 atque
372 2975 460 3037 asper
475 2955 557 3017 victu
572 2961 698 3016 venatus
714 2955 823 3016 alebat.

97 3038 216 3102 Primus
232 3040 269 3101 ab
285 3041 417 3103 aetherio
432 3041 515 3103 veuit
532 3039 680 3102 Saturnus
697 3038 836 3123 Olympo,

97 3124 194 3188 Arma
214 3125 236 3188 J
238 3125 300 3188 ovis
315 3126 434 3208 fugiens
450 3131 481 3188 et
495 3126 596 3208 regnis
612 3127 696 3188 exsul
712 3125 857 3187 ademtis:

97 3208 129 3273 Is
145 3231 240 3292 genus
256 3211 383 3273 indocile
400 3233 435 3274 ac
451 3211 617 3293 dispersum
632 3211 780 3273 montibus
796 3211 864 3272 altis

98 3294 281 3378 Composuit,
297 3298 439 3379 legesque
456 3296 550 3374 dedit,
566 3295 744 3379 Latiumque
757 3296 858 3358 vocari

96 3381 216 3459 Maluit,
231 3382 277 3443 his
293 3381 432 3464 quoniam
445 3382 582 3443 latmsset
597 3387 680 3444 tutus
695 3382 726 3442 in
742 3381 811 3444 oris.

96 3468 202 3530 Aurea
217 3488 294 3549 quae
309 3468 477 3550 perhibent,
492 3467 542 3528 illo
557 3467 612 3528 sub
627 3488 699 3549 rege
715 3467 800 3528 fuere

98 3551 244 3616 Saecula:
269 3554 310 3615 sic
326 3553 444 3635 placida
458 3553 581 3635 populos
595 3552 626 3614 in
641 3572 714 3636 pace
731 3552 874 3633 regebat;
1093 3574 1141 3622 325

96 3638 238 3701 Deterior
259 3639 353 3701 donec
375 3639 529 3722 paullatim
544 3659 579 3700 ac
597 3638 716 3700 decolor
732 3645 816 3701 aetas

97 3722 139 3785 Et
153 3724 224 3786 belli
239 3725 336 3787 rabies
352 3732 383 3787 et
398 3746 481 3787 amor
497 3724 640 3786 successit
654 3723 794 3786 habendi.
