2496 4334
461 270 622 318 antemnas
644 272 709 318 ΗΒ.
732 272 766 318 Χ.

99 423 157 486 Ille
172 423 250 488 sitim
264 423 441 507 morbosque
456 423 556 487 ferens
571 425 744 488 mortalibus
759 422 869 506 aegris,

99 507 245 572 Nascitur
260 517 291 572 et
304 511 390 572 laevo
406 509 561 572 contristat
574 511 685 573 lumine
701 511 826 573 coelum.

142 594 237 657 Haud
251 600 352 657 tamen
367 594 474 657 audaci
489 594 590 658 Turno
604 595 714 657 fiducia
729 594 819 657 cessit

99 676 203 741 Litora
217 680 402 762 praecipere,
414 685 445 742 et
456 680 609 743 venientes
623 681 736 763 pellere
751 687 843 742 terra.

104 762 211 846 [Ultro
226 765 337 827 animos
353 764 429 827 tollit
443 764 542 843 dictis,
551 772 642 847 atque
656 764 793 848 increpat
807 766 886 826 ultro
896 761 922 846 :]

101 847 189 921 Quod
203 849 280 911 votis
294 849 429 932 optastis,
439 849 535 927 adest,
547 849 734 932 perfringere
750 851 866 912 dextra.

100 932 139 995 In
153 933 288 996 manibus
303 933 388 997 Mars
402 934 477 1017 ipse,
492 935 559 996 viri.
603 934 695 997 Nunc
711 935 845 1018 conjugis
860 939 924 995 esto

103 1015 235 1100 Quisque
249 1039 320 1081 suae
336 1020 469 1101 tectique
483 1040 597 1081 memor
609 1040 618 1096 3
641 1041 721 1082 nunc
735 1040 847 1101 magna
856 1018 968 1081 referto

101 1102 208 1182 Facta,
222 1109 343 1186 patrum
354 1104 470 1167 laudes.
515 1104 604 1167 Ultro
618 1125 808 1167 occurramus
824 1104 863 1166 ad
877 1102 1000 1182 undam,

100 1187 183 1250 Dum
197 1188 307 1270 trepidi
322 1189 494 1271 egressique
508 1190 612 1252 labant
622 1190 749 1272 vestigia
764 1189 869 1273 prima.

99 1272 260 1334 Audentes
274 1272 409 1335 Fortuna
417 1275 515 1357 juvat.

100 1355 188 1419 Haec
204 1357 304 1436 ait,‘et
318 1379 420 1421 secum
435 1366 546 1439 versat,
561 1380 635 1442 quos
651 1359 762 1422 ducere
778 1365 893 1439 contra,

101 1441 162 1505 Vel
176 1443 283 1524 quihus
298 1443 432 1507 obsessos
446 1445 538 1526 possit
553 1443 734 1507 concredere
748 1466 859 1508 muros.

144 1526 267 1590 Interea
281 1528 404 1591 Aeneas
419 1529 513 1592 socios
527 1528 565 1592 de
580 1529 729 1612 puppibus
744 1529 811 1592 altis

102 1611 246 1675 Pontibus
261 1614 392 1696 exponit.
436 1613 527 1677 Multi
542 1635 663 1677 servare
678 1634 817 1678 recursus

102 1695 287 1779 Languentis
300 1697 412 1780 pelagi,
424 1705 456 1760 et
469 1698 609 1761 brevibus
623 1719 656 1762 se
673 1699 797 1762 credere
812 1699 911 1777 saltu;

56 1832 58 1836 ,
102 1781 164 1844 Per
178 1803 274 1846 remos
288 1783 348 1845 alii.
395 1782 574 1865 Specrssatus
588 1784 676 1847 litora
690 1784 838 1863 Tarchon,

103 1866 170 1940 Qua
181 1868 259 1930 vada
269 1888 327 1930 non
339 1868 453 1951 spirant
467 1890 523 1932 nec
537 1869 635 1932 fracta
650 1875 849 1933 remurmurat
863 1868 955 1947 unda,

104 1950 166 2015 Sed
181 1973 263 2016 mare
278 1953 452 2016 inoffensum
467 1954 615 2017 crescenti
626 1955 764 2017 allabitur
775 1962 872 2036 aestu,

101 2036 246 2100 Advertit
260 2038 357 2100 subito
377 2057 491 2121 proras,
506 2039 659 2121 sociosque
674 2046 817 2122 precatur
828 2038 840 2102 :¹
885 2096 891 2104 .

102 2121 205 2201 Nunc,
220 2143 238 2184 o
251 2124 332 2186 lecta
345 2143 462 2202 manus,
474 2123 579 2186 validis
594 2124 755 2187 incumbite
767 2124 856 2188 remis
867 2144 876 2202 ;

101 2207 219 2286 Tollite,
234 2208 311 2271 ferte
326 2214 424 2285 rates;
445 2207 594 2271 inimicam
608 2208 713 2271 findite
728 2209 831 2273 rostris

65 2306 71 2311 ·
102 2291 191 2355 Hanc
207 2299 329 2372 terram,
344 2295 518 2376 sulcumque
533 2294 588 2357 sibi
599 2299 716 2376 premat
729 2295 793 2378 ipsa
805 2295 918 2359 carina.

100 2376 255 2459 Frangere
270 2398 326 2440 nec
342 2378 394 2440 tali
410 2379 533 2463 puppim
547 2379 673 2442 statione
689 2400 805 2458 recuso,

101 2461 234 2546 Arrepto
248 2465 355 2525 tellure
370 2465 472 2526 semel.
519 2463 604 2535 Quae
621 2463 693 2526 talia
707 2471 865 2547 postquam

102 2546 218 2610 Effatus
234 2548 382 2626 Tarchon,
398 2549 469 2611 socii
484 2570 664 2630 consurgere
681 2549 783 2629 tonsis,

103 2630 341 2715 Spumantesque
357 2639 438 2695 rates
453 2634 532 2696 arvis
546 2633 657 2697 infame
673 2633 799 2713 Latinis,

101 2717 205 2780 Donec
220 2724 317 2780 rostra
330 2724 435 2780 teuent
448 2719 560 2780 siccum
576 2724 607 2781 et
621 2719 727 2781 sedere
739 2719 857 2782 carinae

102 2800 213 2865 Omnes
228 2802 383 2864 innocuae.
431 2801 492 2865 Sed
506 2824 566 2865 non
579 2804 687 2886 puppis
702 2811 765 2882 tua,
777 2804 924 2868 Tarchon.

100 2886 241 2969 Namque
255 2888 368 2949 inflicta
381 2887 466 2950 vadis
481 2887 568 2951 dorso
583 2889 654 2951 dum
669 2890 781 2971 pendet
794 2888 907 2972 iniquo,

100 2972 224 3055 Anceps
239 2978 407 3035 sustentata
422 2972 485 3052 diu,
496 2974 664 3056 fluctusque
680 2974 797 3056 fatigat,

102 3055 234 3119 Solvitur
249 3063 338 3139 atque
351 3057 428 3120 viros
444 3057 549 3121 mediis
565 3060 684 3141 exponit
698 3059 730 3120 in
744 3059 852 3132 undis3

99 3141 264 3223 Fragmina
277 3163 426 3204 remorum
440 3164 514 3226 quos
529 3149 561 3205 et
573 3143 722 3206 fluitantia
736 3148 868 3206 transtra

99 3226 284 3306 Impediunt,
299 3227 484 3310 retrahitque
499 3228 592 3311 pedes
606 3228 694 3291 simul
708 3227 790 3291 unda
804 3226 951 3290 relabens.

142 3311 211 3374 Nec
227 3311 361 3374 Turnum
375 3313 475 3394 segnis
489 3313 601 3376 retinet
614 3333 719 3391 mora3
741 3312 795 3376 sed
811 3312 890 3396 rapit
904 3332 975 3375 acer

100 3394 206 3458 Totam
221 3397 316 3459 aciem
330 3397 362 3460 in
376 3397 518 3477 Teucros,
534 3405 566 3462 et
580 3407 684 3462 contra
698 3399 729 3461 in
742 3399 829 3462 litore
845 3396 933 3461 sistit.

102 3478 196 3563 Signa
211 3487 331 3544 canunt.
378 3482 496 3546 Primus
512 3490 625 3546 turmas
639 3484 748 3547 invasit
759 3489 894 3566 agrestes

99 3565 233 3644 Aeneas,
249 3588 335 3629 omen
350 3589 480 3650 pugnae,
496 3570 661 3651 stravitque
676 3569 810 3647 Latinos,

101 3650 208 3713 Occiso
224 3651 372 3732 Therone,
387 3655 484 3717 virum
499 3654 550 3737 qui
564 3655 709 3717 maximus
724 3654 803 3716 ultro

99 3735 228 3799 Aenean
243 3737 328 3820 petit.
373 3738 463 3885 Ηιιὲὲ
471 3739 570 3853 gladio
584 3760 698 3822 perque
711 3758 801 3801 aerea
811 3741 891 3815 suta,
922 3754 925 3761 ’
