2496 4334
107 251 148 314 98
448 267 477 312 r.
503 266 644 313 vraorurr
665 263 810 312 moeurs

106 418 188 501 Ergo
202 417 249 481 his
264 418 408 500 aligerum
423 417 510 481 dictis
525 421 632 482 affatur
645 419 789 482 Amorem
801 440 809 481 ε

106 505 199 583 Nate,
214 524 299 565 meae
314 503 404 581 vires,
418 525 487 565 mea
499 525 609 586 magna
624 504 757 587 potentia
772 504 862 582 solus,

106 589 138 651 N
139 596 199 668 ate,
214 588 307 671 patris
322 589 428 650 summi
442 589 494 671 qui
508 591 569 651 tela
583 588 719 672 Typhoia
733 589 851 667 temnis,

105 675 158 736 Ad
173 680 203 735 te
219 673 368 754 confugio,
384 679 415 734 et
429 675 554 756 supplex
568 680 621 735 tua
634 673 756 734 numina
771 693 869 755 posco.

106 759 214 821 Frater
227 764 263 819 ut
276 757 399 819 Aeneas
413 759 519 840 pelago
534 764 603 820 tuus
619 758 717 819 omnia
732 758 845 820 circum

106 843 208 906 Litora
217 844 351 926 jactetur
365 841 439 904 odiis
453 843 475 905 J
475 843 580 905 unonis
595 843 726 925 iniquae,

106 928 188 990 Nota
203 928 277 1003 tibi3
300 933 332 989 ct
345 932 446 989 nostro
461 927 580 990 doluisti
594 948 683 1010 saepe
699 927 809 990 dolore.

105 1013 196 1075 Hunc
211 1012 374 1074 Phoenissa
388 1018 472 1073 tenet
486 1012 576 1091 Dido,
589 1012 764 1094 blandisque
779 1016 911 1074 moratur

106 1097 238 1162 Vocibus
252 1116 259 1172 ;
283 1103 314 1157 et
328 1116 444 1175 vereor,
460 1118 519 1179 quo
534 1117 566 1159 sc
580 1097 602 1159 J
603 1097 712 1158 unonia
726 1103 845 1159 vortant

105 1181 262 1264 Hospitis:
285 1180 366 1242 haud
380 1187 463 1243 tanto
479 1182 606 1244 cessabit
621 1181 740 1243 cardine
755 1202 865 1243 rerum.

106 1266 253 1339 Quocirca
268 1284 374 1347 capere
390 1272 459 1328 ante
474 1267 548 1328 dolis
560 1272 591 1328 et
605 1267 725 1347 cingere
739 1267 858 1329 flamma

105 1351 253 1432 Reginam
266 1349 403 1428 meditor,
418 1371 456 1412 ne
472 1372 530 1434 quo
545 1371 577 1414 se
591 1351 712 1413 numine
726 1358 833 1430 mutet,

107 1435 168 1499 Sed
182 1455 290 1517 magno
304 1435 429 1497 Aeneae
443 1457 562 1499 mecum
577 1441 716 1498 teneatur
730 1456 840 1498 amore.

105 1520 173 1593 Qua
186 1522 287 1583 facere
301 1519 333 1581 id
347 1521 451 1602 possis,
465 1529 597 1584 nostram
610 1541 689 1582 nunc
705 1521 806 1603 accipe
821 1527 971 1585 mentem:

105 1605 218 1687 Regius
233 1605 332 1667 accitu
347 1605 408 1667 cari
422 1606 564 1687 genitoris
578 1605 618 1668 ad
631 1605 736 1667 urbem

107 1688 257 1752 Sidoniam
271 1709 347 1772 puer
360 1689 403 1751 ire
418 1697 515 1772 parat,
530 1690 598 1753 mea
610 1690 739 1753 maxima
753 1710 837 1769 eura,

104 1775 192 1838 Dona
205 1775 316 1853 ferens,
331 1775 437 1856 pelago
453 1782 484 1837 et
497 1776 620 1838 flammis
635 1775 779 1837 restantia
793 1775 920 1859 Trojae:

104 1859 195 1922 Hunc
211 1880 267 1941 ego
279 1859 406 1941 sopitum
420 1881 531 1939 somno,
547 1881 637 1943 super
650 1861 712 1922 alta
727 1859 870 1943 Cythera,

52 2018 72 2027 ἦ
103 1944 169 2006 Aut
184 1965 274 2027 super
288 1944 427 2024 Idalium,
440 1952 557 2008 sacrata
571 1945 643 2007 sede
657 1945 827 2024 recondam,

103 2028 153 2091 Ne
168 2050 229 2112 qua
242 2029 318 2092 scire
333 2028 426 2109 dolos,
440 2031 592 2093 mediusve
607 2050 763 2093 occurrere
778 2030 893 2112 possit;

103 2113 149 2175 Tu
161 2114 269 2176 faciem
283 2114 361 2176 illius
375 2122 493 2178 noctem
506 2137 566 2178 non
581 2116 705 2198 amplius
720 2135 820 2195 unam,

102 2198 186 2261 Falle
202 2198 280 2277 dolo,
296 2205 327 2260 et
338 2205 423 2261 notos
437 2201 523 2282 pueri
538 2221 613 2283 puer
627 2200 717 2262 indue
732 2201 853 2263 vultus:
952 2250 966 2255 ..

103 2283 158 2361 Ut,
173 2304 265 2366 quum
279 2288 310 2345 tc
325 2284 437 2364 gremio
452 2285 578 2367 accipiet
591 2285 751 2348 laetissima
765 2285 845 2348 Dido

102 2368 232 2450 Regales
246 2368 325 2430 inter
334 2389 451 2431 mensas
465 2370 643 2452 laticemque
658 2371 804 2454 Lyaeum,

102 2451 201 2526 Quum
217 2453 298 2515 dabit
313 2455 465 2535 amplexus
479 2460 570 2536 etque
585 2456 685 2517 oscula
702 2455 801 2518 dulcia
815 2455 900 2538 figet,

103 2531 263 2600 Occultum
276 2538 401 2620 inspires
415 2539 527 2620 ignem,
541 2540 685 2621 fallasque
700 2561 825 2603 veneno.
960 2562 969 2573 ·

143 2623 236 2685 Paret
249 2623 345 2685 Amor
360 2623 447 2686 dictis
462 2644 550 2687 carae
565 2624 737 2706 genetricis,
753 2631 784 2687 et
798 2626 861 2688 alas

100 2706 203 2785 Exuit,
219 2713 250 2770 et
264 2728 368 2789 gressu
381 2708 514 2789 gaudens
525 2709 637 2770 incedit
652 2708 722 2770 luli.

97 2791 144 2853 At
159 2793 264 2856 Venus
278 2792 410 2855 Ascanio
425 2793 572 2875 placidam
585 2815 640 2876 per
653 2794 787 2857 membra
801 2795 931 2877 quietem

98 2876 221 2958 Irrigat,
237 2882 268 2938 et
281 2877 376 2938 fotum
390 2878 503 2958 gremio
518 2877 576 2940 dea
585 2879 663 2940 tollit
676 2879 708 2940 iu
722 2881 796 2942 altos

98 2961 212 3024 Idaliae
223 2963 317 3039 lucos,
332 2961 383 3023 ubi
397 2962 491 3024 mollis
506 2983 661 3025 amaracus
675 2964 759 3026 illum

97 3045 233 3109 Floribus
248 3052 280 3108 et
294 3044 373 3108 dulci
388 3045 542 3129 adspirans
557 3049 763 3130 complectitur
776 3048 891 3110 umbra.

97 3130 226 3213 Jamque
241 3130 314 3208 ibat,
330 3130 409 3193 dicto
423 3152 542 3214 parens,
558 3139 589 3194 et
604 3132 682 3195 dona
702 3133 816 3215 Cupido

98 3214 195 3295 Regia
208 3215 344 3297 portabat
359 3215 467 3298 Tyriis,
482 3217 559 3278 duce
571 3218 669 3280 laetus
683 3218 812 3280 Achate.

98 3297 197 3370 Quum
211 3299 303 3376 venit,
319 3300 430 3361 arrlaeis
440 3301 505 3383 jam
520 3321 552 3363 se
567 3302 672 3382 regina
686 3303 820 3385 superbis

96 3383 201 3446 Aurea
216 3382 378 3465 composuit
392 3384 515 3466 sponda,
526 3385 714 3469 mediamque
728 3387 837 3450 locavit
852 3408 860 3464 ;

96 3468 118 3530 J
119 3489 167 3530 am
180 3474 266 3551 pater
280 3467 402 3530 Aeneas
418 3470 522 3552 etjam
536 3469 665 3553 Trojano
672 3472 816 3554 juventus

98 3551 294 3625 Conveniunt,
312 3559 465 3636 stratoque
480 3575 570 3637 super
585 3555 779 3618 discumbitur
793 3561 883 3618 ostro.

95 3636 178 3698 Dant
188 3637 290 3698 famuli
303 3638 438 3702 manibus
452 3640 601 3723 lymphas,
618 3639 817 3722 Cereremque
833 3640 969 3704 canistris

96 3719 278 3802 Expediunt‚
293 3723 444 3806 tonsisque
459 3725 560 3786 ferunt
574 3725 714 3787 mantelia
728 3725 813 3788 villis.
