2496 4334
136 296 198 360 290
474 313 503 358 r.
526 311 669 359 vrnornn
690 310 835 361 nunonis

136 464 304 549 Oonjiciunt
317 463 390 546 igni,
407 457 508 545 galeas
524 469 669 546 ensesque
685 463 819 543 decoros,

134 549 293 632 Frenaque
308 550 518 630 ferventesque
534 555 613 610 rotas
630 569 638 623 ;
660 568 730 629 pars
744 568 869 612 munera
882 555 964 630 nota,
1124 574 1171 621 195

133 635 272 716 Ipsorum
287 634 406 716 clypeos
421 640 453 695 et
466 653 525 694 non
539 633 638 694 felicia
649 633 719 694 tela.

134 718 233 780 Multa
247 719 336 780 boum
351 717 431 780 circa
444 722 615 779 mactantur
629 737 753 799 corpora
766 716 859 780 Morti
872 736 881 793 ;

136 802 348 885 Setigerosque
364 822 432 864 sues
446 807 607 884 raptasque
623 822 661 865 ex
675 801 809 863 omnibus
825 802 905 883 agris

133 887 172 950 In
185 889 333 950 flammam
342 887 484 969 jugulant
493 885 635 969 pecudes.
680 886 757 948 Tum
771 886 857 948 litore
873 892 934 949 toto

133 971 286 1034 Ardentes
301 976 438 1053 spectant
452 971 557 1048 socios,
572 969 772 1052 semiustaque
787 977 910 1033 servant

133 1056 241 1134 Busta,
252 1076 350 1138 neque
366 1055 454 1118 avelli
468 1060 602 1139 possunt,
617 1076 676 1116 nox
689 1055 811 1117 humida
826 1055 920 1118 donec

133 1140 263 1204 Invertit
277 1141 391 1203 coelum
406 1141 499 1202 stellis
514 1139 686 1202 ardentibus
701 1146 813 1222 aptum.

176 1225 244 1289 Nec
260 1225 356 1286 minus
371 1230 403 1286 et
416 1225 517 1287 miseri
533 1224 651 1286 diversa
664 1225 695 1285 in
709 1231 795 1307 parte
810 1222 911 1285 Latini

133 1309 310 1372 Innumeras
325 1316 461 1371 struxere
475 1328 583 1392 pyras3
606 1316 638 1371 et
653 1329 778 1391 corpora
792 1308 902 1392 partim

132 1395 233 1457 Multa
247 1394 343 1456 virum
357 1398 456 1456 terrae
471 1393 630 1472 infodiunt,
646 1400 810 1475 avectaque
825 1393 935 1476 partim

132 1478 288 1541 Fmitimos
301 1478 410 1540 tollunt
423 1477 454 1540 in
469 1498 556 1560 agros
571 1478 696 1559 urbique
711 1479 868 1540 remittunt
880 1495 889 1553 ;

134 1562 254 1642 (latera,
269 1562 468 1645 confusaeque
483 1563 635 1644 ingentem
650 1562 749 1624 caedis
764 1583 916 1640 acervum,

133 1647 165 1710 N
166 1668 201 1710 ec
214 1667 338 1709 numero
352 1667 409 1709 nec
423 1648 533 1709 honore
549 1652 683 1708 cremant
698 1666 706 1722 ;
729 1654 801 1708 tunc
816 1646 948 1729 undique
963 1647 1040 1711 vasti

134 1731 279 1794 Certatim
293 1731 405 1793 crebris
420 1732 567 1794 collucent
581 1731 699 1813 ignibus
713 1732 789 1812 agri.

133 1816 236 1878 'l'ertia
249 1816 302 1878 lux
316 1815 445 1897 gelidam
459 1816 541 1878 coelo
556 1815 722 1877 dimoverat
735 1816 891 1878 umbram:

133 1899 306 1963 Maerentes
321 1900 415 1962 altum
429 1899 559 1962 cinerem
574 1906 605 1961 et
620 1900 743 1963 confusa
756 1900 885 1962 ruebant

134 1983 212 2048 Ossa
226 1985 311 2063 focis,
327 1983 488 2066 tepidoque
503 1984 665 2047 onerabant
679 2005 791 2066 aggere
806 1989 917 2046 terrae.

132 2069 155 2132 J
155 2089 204 2132 am
218 2089 289 2133 vero
303 2068 335 2130 in
348 2068 447 2147 tectis,
465 2068 637 2152 praedivitis
652 2069 727 2130 urbe
742 2068 854 2147 Latini,

133 2154 318 2236 Praecipuus
331 2153 433 2234 fragor
447 2159 480 2214 et
492 2153 573 2234 longi
588 2173 657 2234 pars
670 2153 799 2215 maxima
813 2154 923 2215 luctus.

82 2316 84 2320 Α
133 2238 193 2300 Hic
208 2244 320 2300 matres
333 2237 518 2318 miseraeque
533 2258 637 2316 nurus,
651 2238 699 2299 hic
716 2257 786 2300 cara
802 2245 935 2300 sororum

133 2323 263 2384 Pectora
277 2328 463 2383 maerentum
478 2321 621 2402 puerique
636 2322 809 2404 parentibus
824 2322 888 2384 orbi

133 2406 240 2469 Dirum
255 2412 448 2468 exsecrantur
461 2406 572 2466 bellum
587 2405 739 2488 Turnique
754 2406 954 2488 hymenaeos3

132 2491 237 2574 Ipsum
252 2491 341 2552 armis
356 2490 511 2572 ipsumque
522 2491 630 2572 jubent
645 2490 808 2553 decernere
824 2492 916 2568 ferre,

134 2576 192 2649 Qui
207 2596 333 2656 regnum
347 2573 454 2637 Italiae
470 2581 501 2636 et
515 2575 623 2656 primos
638 2576 693 2636 sibi
707 2582 809 2657 poscat
823 2576 960 2637 honores.

133 2661 278 2742 Ingravat
292 2660 367 2721 haec
383 2679 489 2720 saevus
504 2659 651 2737 Drances,
664 2661 816 2741 solumque
831 2659 931 2721 vocari

133 2745 285 2821 Testatur,
302 2745 396 2806 solum
411 2744 491 2825 posci
506 2743 536 2803 in
552 2745 715 2806 certamina
731 2744 874 2806 Turnum.

133 2829 233 2890 Multa
247 2828 334 2889 simul
350 2833 453 2890 contra
467 2828 555 2889 variis
570 2829 718 2889 sententia
730 2829 817 2890 dictis
938 2894 942 2903 ⁸

133 2913 194 2975 Pro
209 2912 321 2990 Turno,
333 2918 364 2973 et
377 2932 519 2992 magnum
534 2912 654 2993 reginae
670 2933 778 2974 nomen
792 2911 966 2986 obumbrat3

133 2996 233 3059 Multa
248 2996 342 3059 virum
357 2996 470 3057 meritis
485 3002 634 3058 sustentat
647 2997 728 3058 fama
742 2996 882 3078 tropaeis.

175 3082 241 3143 Hos
255 3080 334 3142 inter
348 3087 456 3153 motus,
473 3081 571 3142 medio
587 3081 618 3141 in
633 3081 779 3161 flagrante
795 3080 936 3156 tumultu,

134 3164 227 3242 Ecce,
242 3185 332 3246 super
345 3165 451 3226 maesti
464 3185 574 3246 magna
588 3165 740 3226 Diomedis
756 3165 794 3226 ab
809 3164 883 3225 urbe

134 3248 242 3329 Legati
256 3268 398 3330 responsa
412 3248 533 3310 ferunt:
556 3249 630 3309 nihil
644 3250 777 3310 omnibus
793 3254 893 3310 actum

134 3333 298 3394 Tantorum
312 3333 451 3414 impensis
467 3353 608 3414 opernm3
628 3334 671 3394 nil
686 3333 764 3394 dona
777 3352 875 3412 neque
888 3351 994 3393 aurum

134 3417 201 3479 Neo
216 3436 340 3497 magnas
355 3416 484 3482 valuisse
499 3437 605 3498 preces
618 3436 626 3492 ;
650 3418 708 3481 alia
723 3438 806 3479 arma
820 3415 935 3477 Latinis

134 3501 325 3578 Quaerenda,
340 3506 393 3561 aut
406 3520 511 3582 pacem
528 3500 654 3583 Trojano
670 3502 706 3562 ab
721 3523 793 3583 rege
809 3499 982 3583 petendum.
1038 3563 1040 3567 ,

133 3585 245 3648 Deficit
259 3584 373 3666 ingenti
387 3585 470 3646 luctu
485 3606 539 3646 rex
553 3586 616 3667 ipse
629 3585 763 3647 Latinus.

134 3669 269 3730 Fatalem
283 3670 412 3731 Aenean
426 3670 583 3731 manifesto
597 3670 717 3730 numine
733 3669 818 3746 ferri,

134 3752 287 3815 Admouet
301 3753 347 3815 ira
361 3754 450 3814 deum
465 3755 631 3834 tumulique
647 3759 715 3814 ante
732 3775 784 3816 ora
798 3758 946 3820 recentes,
