2496 4334
149 278 212 343 314
490 297 518 343 Ρ.
542 297 683 343 VIRGILH
705 295 849 343 marolus

147 446 204 510 Ille
220 447 340 531 quidem
356 447 395 511 ad
410 468 543 531 superos,
561 469 686 530 quorum
700 470 732 511 se
749 448 876 512 devovet
891 443 961 527 aris,

149 532 300 596 Succedet
314 533 405 611 fama,
420 533 564 616 virusque
580 554 634 614 per
648 554 701 596 ora
714 533 851 609 feretur3
1136 553 1186 603 235

147 617 224 696 Nos,
238 618 336 700 patria
350 619 467 696 amissa,
484 618 607 680 dominis
621 638 727 700 parere
742 619 878 701 superbis

148 701 308 783 (legemur,
320 703 372 785 qui
385 723 465 764 nunc
480 704 554 765 lenti
570 703 755 766 consedimus
769 704 859 765 arvis.

190 787 310 850 Talibus
324 787 446 850 incensa
460 794 507 850 est
516 789 662 871 juvenum
677 789 825 850 sententia
840 787 927 850 dictis

145 869 168 932 J
170 891 218 933 am
231 872 325 954 magis
340 878 430 953 atque
445 873 551 954 magis,
566 872 718 955 serpitque
733 893 788 955 per
803 873 922 954 agmina
941 889 1097 950 murmur3

146 955 210 1038 Ipsi
225 955 391 1019 Laurentes
405 958 512 1019 mutati
525 958 642 1040 ipsique
658 956 767 1019 Latini.
1135 975 1183 1024 240

147 1039 206 1113 Qui
222 1042 277 1103 sibi
288 1042 352 1124 jam
368 1041 501 1123 requiem
515 1062 634 1125 pugnae
649 1042 798 1124 rebusque
812 1043 940 1105 salutem

148 1123 327 1209 Sperabant,
342 1146 421 1187 nuno
437 1146 520 1188 arma
533 1128 647 1203 volunt,
662 1125 826 1209 foedusque
842 1131 1004 1210 precantur

145 1209 307 1287 Infectam,
323 1217 355 1272 et
369 1211 463 1272 Turni
477 1217 587 1273 sortem
601 1211 783 1274 miserantur
796 1211 939 1294 iniquam.

145 1293 203 1358 His
219 1295 300 1357 aliud
313 1295 408 1378 majus
422 1295 444 1357 J
445 1300 555 1357 utuma
569 1295 706 1378 adjungit
720 1301 752 1358 et
766 1298 826 1359 alto

145 1379 208 1442 Dat
221 1380 339 1462 signum
354 1380 447 1456 coelo,
462 1399 521 1462 quo
535 1401 595 1443 non
608 1380 794 1463 praesentius
809 1381 903 1442 ullum
1134 1397 1182 1444 245

145 1462 290 1527 Turbavit
303 1469 418 1527 mentes
433 1464 537 1543 Italas,
551 1471 741 1547 monstroque
755 1465 872 1528 fefellit.

144 1547 284 1631 Namque
299 1550 400 1612 volans
415 1549 506 1612 rubra
519 1550 619 1613 fulvus
633 1549 656 1612 J
656 1551 719 1613 ovis
733 1551 796 1613 ales
810 1551 841 1612 in
855 1548 960 1612 aethra

144 1632 279 1696 Litoreas
294 1634 427 1716 agitabat
442 1654 513 1697 aves
527 1635 705 1717 turbamque
720 1641 876 1697 sonantem

143 1716 282 1799 Agminis
296 1719 412 1801 aligeri,
429 1718 526 1782 subito
541 1740 633 1802 quum
646 1721 747 1802 lapsus
763 1720 801 1781 ad
815 1719 912 1782 undas

144 1799 282 1886 Cycnum
296 1804 492 1867 excellentem
506 1804 631 1887 pedibus
645 1804 724 1886 rapit
737 1804 889 1886 improbus
902 1803 997 1866 uncis.
1132 1821 1181 1870 250

142 1885 296 1950 Arrexere
311 1888 422 1951 animos
437 1888 518 1961 Itali,
535 1895 721 1971 cunctaeque
736 1890 872 1952 volucres

143 1969 331 2036 Convertunt
345 1974 472 2036 clamore
487 1973 601 2055 fugam,
616 1973 750 2036 mirabile
766 1974 842 2052 visu,

99 2125 104 2134 ,
141 2056 338 2140 Aetheraque
353 2058 514 2121 obscurant
529 2058 645 2140 pennis,
659 2058 834 2141 hostemque
849 2077 905 2141 per
918 2074 1007 2118 auras

141 2141 238 2205 Facta
251 2144 330 2206 nube
345 2149 496 2225 premunt,
512 2143 607 2205 donec
622 2143 652 2205 ri
667 2143 764 2206 victus
780 2150 811 2205 et
825 2143 889 2226 ipso

141 2226 279 2290 Pondere
295 2227 416 2306 defecit,
431 2227 632 2309 praedamque
648 2247 685 2289 ex
696 2228 845 2309 unguibus
861 2226 923 2289 ales
1130 2246 1179 2294 255

142 2309 274 2394 Projecit
287 2311 387 2390 fluvio,
402 2312 580 2394 penitusque
595 2312 626 2373 in
640 2312 741 2374 nubila
756 2312 844 2394 fugit.

141 2395 219 2456 Tum
233 2417 304 2459 vero
319 2397 477 2478 augurium
492 2396 597 2458 Rutuli
612 2398 739 2459 clamore
758 2398 899 2475 salutant,

142 2479 372 2564 Expediuntque
388 2502 504 2559 manus,
519 2481 690 2564 primusque
706 2482 878 2544 Tolumnius
893 2501 989 2562 augur

141 2564 210 2628 Hoc
228 2573 303 2644 erat,
317 2568 385 2644 hoc,
400 2565 487 2643 votis,
501 2565 608 2648 inquit,
624 2565 703 2648 quod
718 2586 808 2648 saepe
823 2567 936 2649 petivi3

140 2649 279 2732 Accipio,
294 2671 481 2733 agnoscoque
497 2651 568 2712 deos
584 2669 592 2724 3
614 2671 674 2727 me,
689 2671 736 2712 me
753 2651 829 2712 duce
844 2651 956 2712 ferrum
1130 2669 1179 2718 aso

143 2734 301 2816 Corripite,
316 2757 334 2797 o
347 2736 458 2813 miseri,
473 2756 547 2817 quos
561 2736 711 2817 improbus
727 2735 843 2798 advena
856 2735 934 2797 bello

142 2819 283 2896 Territat,
297 2820 441 2882 invalidas
455 2827 491 2882 ut
504 2841 586 2900 aves,
602 2827 633 2882 et
646 2821 734 2883 litora
748 2826 849 2881 vestra

142 2904 184 2967 Vi
198 2905 320 2985 populat
332 2924 341 2980 ;
362 2910 446 2986 petet
459 2904 509 2966 ille
523 2905 637 2988 fugam,
652 2905 830 2988 penitusque
846 2900 992 2986 profundo

141 2986 222 3050 Vela
237 2988 328 3050 dabit.
373 2989 437 3052 Vos
452 2991 583 3052 unanimi
597 2991 720 3053 densete
736 2996 885 3067 catervas,

142 3072 183 3133 Et
197 3093 301 3153 regem
314 3071 396 3135 vobis
411 3095 512 3155 pugna
527 3075 678 3138 defendite
693 3080 823 3156 raptum.

141 3155 237 3234 Dixit,
253 3163 284 3218 et
299 3157 438 3220 adversos
453 3160 545 3220 telum
560 3161 702 3223 contorsit
715 3160 747 3222 in
761 3159 862 3225 hostes

140 3239 342 3303 Procurrens:
367 3242 495 3304 sonitum
510 3243 563 3305 dat
576 3244 701 3306 stridula
716 3264 834 3320 comus,
849 3247 880 3303 et
894 3259 982 3303 auras

141 3323 234 3386 Certa
248 3331 342 3387 secat.
390 3324 485 3387 Simul
499 3327 566 3404 hoc,
582 3327 667 3389 simul
682 3328 788 3409 ingens
805 3328 927 3403 clamor,
943 3329 974 3386 et
988 3343 1090 3386 omnes

139 3407 264 3473 Turbati
280 3409 378 3488 cunei,
394 3410 597 3491 calefactaque
613 3411 705 3473 eorda
719 3413 859 3473 tumultu.

123 3498 124 3501 ’
139 3493 239 3557 Hasta
254 3496 367 3572 volans,
378 3500 413 3556 ut
426 3493 503 3556 forte
517 3515 624 3557 novem
637 3495 838 3577 pulcherrima
852 3496 980 3557 fratrum
1128 3512 1177 3560 270

140 3578 273 3661 Corpora
288 3578 482 3642 constiterant
497 3585 611 3657 contra,
627 3600 701 3661 quos
715 3579 775 3640 fida
790 3586 909 3642 crearat
1013 3602 1020 3613 ·

139 3662 209 3725 Una
223 3670 268 3727 tot
282 3663 414 3726 Arcadio
430 3664 537 3745 conjux
551 3663 708 3747 Tyrrhena
723 3661 864 3746 Gylippo,

138 3745 257 3809 Horum
270 3769 362 3810 unum
377 3747 416 3810 ad
430 3748 572 3826 medium,
588 3748 695 3810 teritur
710 3767 770 3828 qua
784 3750 879 3812 sutilis
895 3750 961 3811 alvo
