2496 4334
453 305 612 353 AENEIDOS
637 307 701 353 LIB.
728 307 776 354 IX.

105 459 186 524 Hine
202 460 292 541 aoies,
308 465 398 544 atque
412 459 481 523 hine
498 460 577 522 acies
592 459 711 523 adstare
727 459 866 525 Latinas:

104 546 150 610 Ut
163 546 240 625 fera,
255 566 344 629 quae,
360 545 453 607 densa
464 552 626 608 venantum
640 551 726 628 septa
741 566 861 626 corona,

106 629 219 694 Contra
233 632 294 693 tela
308 630 392 709 furit,
407 651 533 713 seseque
548 630 630 692 haud
644 630 746 693 nescia
759 631 848 693 morti

105 715 207 799 Injioit
221 722 253 777 et
266 717 345 778 saltu
359 735 449 796 supra
464 715 612 777 venabula
626 715 733 793 fertur,

105 799 198 861 Haud
213 801 300 862 aliter
309 799 430 882 juvenis
444 800 557 862 medios
571 800 733 862 moriturus
747 799 779 860 in
792 801 892 863 hostes

104 885 210 963 Irruit,
225 890 267 964 et,
282 905 342 967 qua
356 885 417 946 tela
431 883 514 946 videt
529 885 713 962 densissima,
726 884 832 946 tendit.

104 969 151 1032 At
164 970 290 1052 pedibus
303 971 391 1050 longe
405 970 510 1032 melior
521 970 623 1052 Lycus
635 969 714 1031 inter
726 974 757 1030 et
769 969 869 1032 hostes

105 1054 191 1116 Inter
206 1060 237 1117 et
251 1075 334 1117 arma
347 1054 421 1135 fuga
434 1075 534 1116 muros
550 1060 644 1129 tenet,
660 1054 780 1135 altaque
796 1059 894 1116 certat

105 1137 259 1201 Prendere
274 1145 357 1201 tecta
370 1159 472 1217 manu,
484 1139 656 1220 sociumque
672 1138 821 1219 attingere
836 1138 968 1202 dextras.

106 1222 203 1295 Quem
218 1224 347 1302 Turnus,
362 1224 476 1305 pariter
490 1244 581 1285 eursu
595 1224 715 1305 teloque
730 1230 862 1302 secutus,

104 1308 248 1390 Increpat
261 1308 308 1370 his
322 1309 436 1370 vietor:
461 1308 627 1370 Nostrasne
640 1308 779 1386 evadere,
791 1307 926 1389 demeirs,

107 1391 241 1475 Sperasti
255 1399 285 1455 te
300 1413 385 1475 posse
400 1391 532 1455 manus?
555 1393 642 1455 simul
657 1392 761 1474 arripit
775 1392 873 1474 ipsum

105 1477 303 1556 Pendentem,
319 1484 350 1539 et
365 1498 474 1559 magna
488 1478 565 1538 muri
580 1498 649 1539 eum
660 1483 745 1558 parte
757 1478 895 1539 revellit:

105 1560 208 1634 Quahs
223 1562 274 1624 ubi
289 1569 343 1625 aut
357 1563 489 1644 leporem
504 1568 557 1624 aut
571 1561 712 1624 candenti
727 1581 850 1644 corpore
865 1583 994 1659 cycnum

107 1645 234 1709 Sustulit
248 1648 310 1710 alta
323 1654 429 1730 petens
444 1647 569 1728 pedibus
583 1647 668 1709 Jovis
680 1646 811 1727 armiger
822 1667 917 1728 unors,

105 1728 280 1804 Quaesitum
294 1738 346 1793 aut
360 1732 449 1793 matri
463 1732 564 1794 multis
578 1730 726 1793 balatibus
742 1751 854 1812 agnum

103 1815 234 1878 Martius
248 1837 267 1878 a
281 1816 403 1879 stabulis
418 1816 518 1899 rapuit
531 1818 630 1898 lupus.
675 1814 819 1897 Undique
835 1817 946 1880 elamor

104 1899 239 1963 Tollitur.
283 1901 438 1963 Invadunt
452 1907 484 1962 et
497 1901 591 1963 fossas
606 1921 717 1983 aggere
733 1902 883 1984 complent
895 1921 903 1978 ;

102 1984 256 2048 Ardentes
268 1985 372 2048 taedas
389 1985 440 2047 alii
454 1985 493 2046 ad
507 1986 628 2067 fastigia
637 1987 766 2068 jactant.

102 2069 235 2132 Ilioneus
250 2090 320 2133 saxo
335 2077 426 2153 atque
441 2069 557 2152 ingenti
567 2071 714 2152 fragmine
726 2069 833 2132 montis

102 2152 271 2234 Lucetium,
286 2163 389 2238 portae
405 2155 583 2218 subeuntem
596 2155 741 2237 ignesque
756 2155 915 2235 ferentem,

102 2238 282 2304 Emathiona
296 2240 399 2322 Liger,
412 2238 602 2324 Corynaeum
613 2241 720 2303 sternit
734 2239 857 2323 Asylas,

101 2323 162 2386 Hie
173 2326 275 2407 jaculo
289 2326 395 2404 bonus,
406 2325 455 2386 hie
469 2325 558 2406 longe
573 2325 696 2388 fallente
712 2325 840 2405 sagitta3

103 2407 264 2492 Ortygium
279 2410 427 2488 Caeneus,
443 2409 584 2472 victorem
608 2409 728 2472 Caenea
742 2408 860 2471 Turnus
874 2428 882 2485 ;

101 2492 220 2556 Turnus
235 2494 317 2578 Itym
333 2495 542 2577 Cloniumque,
558 2495 739 2576 Dioxippum
753 2492 995 2576 Promolumque,

101 2576 143 2639 Ilt
159 2577 297 2660 Sagarim
312 2586 344 2642 et
358 2580 479 2642 summis
494 2585 623 2641 stantem
637 2600 691 2661 pro
706 2576 837 2640 turribus
852 2578 951 2655 Idan;

100 2662 279 2725 Privernum
295 2663 406 2747 Capys.
452 2663 545 2726 Hune
560 2665 655 2746 primo
669 2663 743 2725 levis
757 2663 844 2725 hasta
858 2663 1021 2728 Themillae

102 2746 271 2811 Strinxerat
284 2769 292 2825 3
313 2750 363 2811 ille
378 2769 498 2811 manum
514 2751 646 2832 projecto
661 2747 792 2830 tegmine
807 2748 929 2811 demens

98 2831 152 2894 Ad
167 2834 274 2895 vulnus
290 2834 378 2896 tulit:
400 2854 471 2914 ergo
487 2833 541 2895 ahs
557 2835 669 2916 allapsa
682 2833 793 2914 sagitte

100 2916 143 2978 Et
156 2917 242 2980 laevo
256 2918 346 2981 infixa
361 2925 407 2980 est
421 2918 509 2980 lateri
519 2939 635 2997 manus,
648 2918 808 2999 abditaque
820 2917 900 2979 intus

101 2999 290 3083 Spiramenta
305 3004 420 3066 animae
435 3004 518 3065 letah
532 3004 655 3065 vulnere
670 3003 761 3084 rupit.

101 3084 208 3148 Stabat
222 3087 253 3149 in
268 3088 396 3170 egregiis
407 3088 551 3150 Arcentis
561 3088 638 3150 fihus
650 3088 750 3164 armis,

99 3169 203 3233 Piotus
218 3193 276 3234 acu
291 3172 479 3256 chlamydem
494 3177 526 3234 et
539 3173 691 3254 ferrugine
707 3172 805 3233 clarus
820 3169 948 3251 Hibera,

98 3254 230 3337 Insignis
244 3257 333 3335 faeie,
349 3259 466 3339 genitor
481 3278 570 3339 quem
584 3257 708 3319 miserat
720 3256 841 3318 Arcens

98 3337 252 3403 Eduotum
265 3343 368 3404 matris
382 3344 450 3404 lueo
467 3340 640 3424 Symaethia
655 3343 768 3404 eireum

97 3423 247 3504 Flumina,
263 3426 380 3509 pinguis
396 3427 446 3488 ubi
462 3433 493 3488 et
507 3427 658 3508 placabilis
674 3447 727 3489 ara
741 3425 856 3488 Palici:

100 3506 284 3573 Stridentem
305 3511 428 3574 fundam
444 3512 544 3594 positis
559 3511 726 3573 Mezentius
740 3510 833 3572 hastis

97 3592 168 3675 Ipse
183 3601 231 3657 ter
246 3596 378 3659 adducta
393 3598 506 3659 eireum
527 3603 617 3679 eaput
632 3597 695 3678 egit
708 3595 837 3672 habena,

98 3676 141 3738 Et
153 3680 252 3742 media
267 3681 385 3743 adversi
399 3682 560 3764 hquefaeto
575 3689 709 3764 tempora
723 3678 842 3762 plumbo

97 3761 224 3845 Diffidit,
235 3785 271 3829 ae
282 3767 376 3829 multa
387 3773 556 3852 porrectum
568 3766 702 3828 extendit
713 3783 815 3828 arena.
