<?xml version="1.0" encoding="UTF-8"?>
<!DOCTYPE html PUBLIC "-//W3C//DTD XHTML 1.0 Transitional//EN"
    "http://www.w3.org/TR/xhtml1/DTD/xhtml1-transitional.dtd">
<html xmlns="http://www.w3.org/1999/xhtml" xml:lang="en" lang="en">
 <head>
  <title>
</title>
<meta http-equiv="Content-Type" content="text/html;charset=utf-8" />
  <meta name='ocr-system' content='tesseract 3.04.00' />
  <meta name='ocr-capabilities' content='ocr_page ocr_carea ocr_par ocr_line ocrx_word'/>
</head>
<body>
  <div class='ocr_page' id='page_1' title='image "./bucolicsgeorgic00virggoog_0148.png"; bbox 0 0 2496 4334; ppageno 0'>
   <div class='ocr_carea' id='block_1_1' title="bbox 435 295 759 343">
    <p class='ocr_par' dir='ltr' id='par_1_1' title="bbox 435 295 759 343">
     <span class='ocr_line' id='line_1_1' title="bbox 435 295 759 343; baseline -0.006 0"><span class='ocrx_word' id='word_1_1' title='bbox 435 295 596 343; x_wconf 74' lang='lat' dir='ltr'>sanamus</span> <span class='ocrx_word' id='word_1_2' title='bbox 618 297 683 343; x_wconf 76' lang='lat' dir='ltr'>LIB-</span> <span class='ocrx_word' id='word_1_3' title='bbox 707 296 759 342; x_wconf 91' lang='lat'>111.</span> 
     </span>
    </p>
   </div>
   <div class='ocr_carea' id='block_1_2' title="bbox 10 446 1115 3584">
    <p class='ocr_par' dir='ltr' id='par_1_2' title="bbox 10 446 1115 3584">
     <span class='ocr_line' id='line_1_2' title="bbox 77 446 952 533; baseline 0.003 -24"><span class='ocrx_word' id='word_1_4' title='bbox 77 446 187 512; x_wconf 78' lang='lat' dir='ltr'>Lustra</span> <span class='ocrx_word' id='word_1_5' title='bbox 201 449 361 533; x_wconf 89' lang='lat' dir='ltr'>domosque</span> <span class='ocrx_word' id='word_1_6' title='bbox 377 450 473 528; x_wconf 89' lang='lat' dir='ltr'>traho,</span> <span class='ocrx_word' id='word_1_7' title='bbox 488 457 646 533; x_wconf 84' lang='lat' dir='ltr'>vastosque</span> <span class='ocrx_word' id='word_1_8' title='bbox 662 449 698 512; x_wconf 91' lang='lat' dir='ltr'>ab</span> <span class='ocrx_word' id='word_1_9' title='bbox 713 471 788 532; x_wconf 90' lang='lat' dir='ltr'>rupc</span> <span class='ocrx_word' id='word_1_10' title='bbox 805 448 952 533; x_wconf 77' lang='lat' dir='ltr'>Cyclopas</span> 
     </span>
     <span class='ocr_line' id='line_1_3' title="bbox 10 534 905 618; baseline 0.003 -24"><span class='ocrx_word' id='word_1_11' title='bbox 10 581 12 587; x_wconf 91' lang='lat'>.</span> <span class='ocrx_word' id='word_1_12' title='bbox 77 534 240 617; x_wconf 91' lang='lat' dir='ltr'>Prospicio,</span> <span class='ocrx_word' id='word_1_13' title='bbox 255 536 441 617; x_wconf 88' lang='lat' dir='ltr'>sonitumque</span> <span class='ocrx_word' id='word_1_14' title='bbox 456 535 567 618; x_wconf 88' lang='lat' dir='ltr'>pedum</span> <span class='ocrx_word' id='word_1_15' title='bbox 582 555 742 616; x_wconf 88' lang='lat' dir='ltr'>vocemque</span> <span class='ocrx_word' id='word_1_16' title='bbox 758 535 905 597; x_wconf 89' lang='lat' dir='ltr'>tremisco.</span> 
     </span>
     <span class='ocr_line' id='line_1_4' title="bbox 75 619 819 702; baseline 0.001 -21"><span class='ocrx_word' id='word_1_17' title='bbox 75 620 200 682; x_wconf 92' lang='lat' dir='ltr'>Victum</span> <span class='ocrx_word' id='word_1_18' title='bbox 215 619 374 699; x_wconf 83' lang='lat' dir='ltr'>infelicem,</span> <span class='ocrx_word' id='word_1_19' title='bbox 389 620 497 683; x_wconf 80' lang='lat' dir='ltr'>baccas</span> <span class='ocrx_word' id='word_1_20' title='bbox 512 620 703 702; x_wconf 79' lang='lat' dir='ltr'>lapidosaque</span> <span class='ocrx_word' id='word_1_21' title='bbox 719 640 819 698; x_wconf 90' lang='lat' dir='ltr'>corna,</span> 
     </span>
     <span class='ocr_line' id='line_1_5' title="bbox 76 704 1114 788; baseline 0.005 -22"><span class='ocrx_word' id='word_1_22' title='bbox 76 704 159 766; x_wconf 91' lang='lat' dir='ltr'>Dant</span> <span class='ocrx_word' id='word_1_23' title='bbox 173 705 258 783; x_wconf 91' lang='lat' dir='ltr'>rami,</span> <span class='ocrx_word' id='word_1_24' title='bbox 275 711 307 766; x_wconf 91' lang='lat' dir='ltr'>et</span> <span class='ocrx_word' id='word_1_25' title='bbox 321 705 412 767; x_wconf 86' lang='lat' dir='ltr'>vulsis</span> <span class='ocrx_word' id='word_1_26' title='bbox 426 711 553 788; x_wconf 89' lang='lat' dir='ltr'>pascunt</span> <span class='ocrx_word' id='word_1_27' title='bbox 567 704 715 766; x_wconf 86' lang='lat' dir='ltr'>radicibus</span> <span class='ocrx_word' id='word_1_28' title='bbox 729 705 851 766; x_wconf 84' lang='lat' dir='ltr'>herbae.</span> <span class='ocrx_word' id='word_1_29' title='bbox 1067 722 1114 771; x_wconf 86' lang='lat'>650</span> 
     </span>
     <span class='ocr_line' id='line_1_6' title="bbox 78 789 915 872; baseline 0.001 -22"><span class='ocrx_word' id='word_1_30' title='bbox 78 789 186 851; x_wconf 91' lang='lat' dir='ltr'>Omnia</span> <span class='ocrx_word' id='word_1_31' title='bbox 201 791 387 868; x_wconf 81' lang='lat' dir='ltr'>collustrans,</span> <span class='ocrx_word' id='word_1_32' title='bbox 401 790 478 853; x_wconf 91' lang='lat' dir='ltr'>hanc</span> <span class='ocrx_word' id='word_1_33' title='bbox 495 790 623 872; x_wconf 91' lang='lat' dir='ltr'>primum</span> <span class='ocrx_word' id='word_1_34' title='bbox 637 789 676 851; x_wconf 90' lang='lat' dir='ltr'>ad</span> <span class='ocrx_word' id='word_1_35' title='bbox 690 790 777 852; x_wconf 91' lang='lat' dir='ltr'>litora</span> <span class='ocrx_word' id='word_1_36' title='bbox 791 791 915 852; x_wconf 86' lang='lat' dir='ltr'>classem</span> 
     </span>
     <span class='ocr_line' id='line_1_7' title="bbox 78 875 951 956; baseline 0 -19"><span class='ocrx_word' id='word_1_37' title='bbox 78 875 227 956; x_wconf 78' lang='lat' dir='ltr'>Conspeni</span> <span class='ocrx_word' id='word_1_38' title='bbox 241 875 430 951; x_wconf 66' lang='lat' dir='ltr'>venientem</span> <span class='ocrx_word' id='word_1_39' title='bbox 454 876 523 937; x_wconf 95' lang='lat' dir='ltr'>huic</span> <span class='ocrx_word' id='word_1_40' title='bbox 538 897 598 953; x_wconf 92' lang='lat' dir='ltr'>me,</span> <span class='ocrx_word' id='word_1_41' title='bbox 614 895 819 956; x_wconf 89' lang='lat' dir='ltr'>quaecumque</span> <span class='ocrx_word' id='word_1_42' title='bbox 834 875 951 953; x_wconf 90' lang='lat' dir='ltr'>fuisset,</span> 
     </span>
     <span class='ocr_line' id='line_1_8' title="bbox 74 959 837 1042; baseline -0.003 -20"><span class='ocrx_word' id='word_1_43' title='bbox 74 959 208 1022; x_wconf 85' lang='lat' dir='ltr'>Addixi:</span> <span class='ocrx_word' id='word_1_44' title='bbox 233 960 305 1021; x_wconf 90' lang='lat' dir='ltr'>satis</span> <span class='ocrx_word' id='word_1_45' title='bbox 320 966 366 1021; x_wconf 91' lang='lat' dir='ltr'>est</span> <span class='ocrx_word' id='word_1_46' title='bbox 380 965 501 1042; x_wconf 80' lang='lat' dir='ltr'>gentem</span> <span class='ocrx_word' id='word_1_47' title='bbox 516 960 652 1041; x_wconf 85' lang='lat' dir='ltr'>effugisse</span> <span class='ocrx_word' id='word_1_48' title='bbox 667 960 837 1021; x_wconf 87' lang='lat' dir='ltr'>nefandam.</span> 
     </span>
     <span class='ocr_line' id='line_1_9' title="bbox 75 1044 936 1128; baseline -0.003 -20"><span class='ocrx_word' id='word_1_49' title='bbox 75 1045 140 1108; x_wconf 86' lang='lat' dir='ltr'>Vos</span> <span class='ocrx_word' id='word_1_50' title='bbox 156 1045 285 1106; x_wconf 91' lang='lat' dir='ltr'>animam</span> <span class='ocrx_word' id='word_1_51' title='bbox 298 1044 375 1107; x_wconf 89' lang='lat' dir='ltr'>hanc</span> <span class='ocrx_word' id='word_1_52' title='bbox 391 1045 489 1127; x_wconf 90' lang='lat' dir='ltr'>potius</span> <span class='ocrx_word' id='word_1_53' title='bbox 505 1065 691 1128; x_wconf 89' lang='lat' dir='ltr'>quocumque</span> <span class='ocrx_word' id='word_1_54' title='bbox 707 1045 851 1107; x_wconf 84' lang='lat' dir='ltr'>absumite</span> <span class='ocrx_word' id='word_1_55' title='bbox 865 1046 936 1106; x_wconf 91' lang='lat' dir='ltr'>leto.</span> 
     </span>
     <span class='ocr_line' id='line_1_10' title="bbox 118 1129 1115 1212; baseline -0.001 -19"><span class='ocrx_word' id='word_1_56' title='bbox 118 1129 182 1193; x_wconf 86' lang='lat' dir='ltr'>Vix</span> <span class='ocrx_word' id='word_1_57' title='bbox 197 1149 233 1191; x_wconf 88' lang='lat' dir='ltr'>ea</span> <span class='ocrx_word' id='word_1_58' title='bbox 247 1130 326 1192; x_wconf 87' lang='lat' dir='ltr'>fatus</span> <span class='ocrx_word' id='word_1_59' title='bbox 342 1137 417 1209; x_wconf 88' lang='lat' dir='ltr'>erat,</span> <span class='ocrx_word' id='word_1_60' title='bbox 433 1151 546 1193; x_wconf 92' lang='lat' dir='ltr'>summo</span> <span class='ocrx_word' id='word_1_61' title='bbox 562 1152 654 1212; x_wconf 91' lang='lat' dir='ltr'>quum</span> <span class='ocrx_word' id='word_1_62' title='bbox 668 1136 766 1191; x_wconf 91' lang='lat' dir='ltr'>monte</span> <span class='ocrx_word' id='word_1_63' title='bbox 783 1130 917 1192; x_wconf 87' lang='lat' dir='ltr'>videmus</span> <span class='ocrx_word' id='word_1_64' title='bbox 1068 1152 1115 1211; x_wconf 98' lang='grc'>655</span> 
     </span>
     <span class='ocr_line' id='line_1_11' title="bbox 75 1213 846 1297; baseline -0.001 -21"><span class='ocrx_word' id='word_1_65' title='bbox 75 1213 181 1296; x_wconf 91' lang='lat' dir='ltr'>Ipsum</span> <span class='ocrx_word' id='word_1_66' title='bbox 195 1215 274 1276; x_wconf 89' lang='lat' dir='ltr'>inter</span> <span class='ocrx_word' id='word_1_67' title='bbox 288 1216 419 1297; x_wconf 90' lang='lat' dir='ltr'>pecudes</span> <span class='ocrx_word' id='word_1_68' title='bbox 434 1222 520 1279; x_wconf 91' lang='lat' dir='ltr'>vasta</span> <span class='ocrx_word' id='word_1_69' title='bbox 534 1235 565 1277; x_wconf 89' lang='lat' dir='ltr'>se</span> <span class='ocrx_word' id='word_1_70' title='bbox 580 1215 657 1276; x_wconf 88' lang='lat' dir='ltr'>mole</span> <span class='ocrx_word' id='word_1_71' title='bbox 678 1221 846 1276; x_wconf 88' lang='lat' dir='ltr'>moventem</span> 
     </span>
     <span class='ocr_line' id='line_1_12' title="bbox 76 1299 882 1384; baseline 0.001 -24"><span class='ocrx_word' id='word_1_72' title='bbox 76 1299 233 1362; x_wconf 82' lang='lat' dir='ltr'>Pastorem</span> <span class='ocrx_word' id='word_1_73' title='bbox 245 1299 472 1384; x_wconf 80' lang='lat' dir='ltr'>Polyphemum,</span> <span class='ocrx_word' id='word_1_74' title='bbox 488 1307 519 1362; x_wconf 90' lang='lat' dir='ltr'>et</span> <span class='ocrx_word' id='word_1_75' title='bbox 532 1300 621 1362; x_wconf 90' lang='lat' dir='ltr'>litora</span> <span class='ocrx_word' id='word_1_76' title='bbox 634 1306 705 1362; x_wconf 90' lang='lat' dir='ltr'>nota</span> <span class='ocrx_word' id='word_1_77' title='bbox 719 1306 882 1382; x_wconf 88' lang='lat' dir='ltr'>petentem,</span> 
     </span>
     <span class='ocr_line' id='line_1_13' title="bbox 75 1383 1113 1468; baseline -0.001 -21"><span class='ocrx_word' id='word_1_78' title='bbox 75 1385 246 1447; x_wconf 86' lang='lat' dir='ltr'>Monstrum</span> <span class='ocrx_word' id='word_1_79' title='bbox 259 1385 451 1464; x_wconf 90' lang='lat' dir='ltr'>horrendum,</span> <span class='ocrx_word' id='word_1_80' title='bbox 465 1386 601 1463; x_wconf 85' lang='lat' dir='ltr'>informe,</span> <span class='ocrx_word' id='word_1_81' title='bbox 616 1385 732 1466; x_wconf 85' lang='lat' dir='ltr'>ingens,</span> <span class='ocrx_word' id='word_1_82' title='bbox 748 1386 796 1446; x_wconf 91' lang='lat' dir='ltr'>cui</span> <span class='ocrx_word' id='word_1_83' title='bbox 817 1387 918 1447; x_wconf 91' lang='lat' dir='ltr'>lumen</span> <span class='ocrx_word' id='word_1_84' title='bbox 931 1383 1113 1468; x_wconf 91' lang='lat' dir='ltr'>ademptum.</span> 
     </span>
     <span class='ocr_line' id='line_1_14' title="bbox 75 1469 806 1554; baseline 0 -23"><span class='ocrx_word' id='word_1_85' title='bbox 75 1470 198 1532; x_wconf 80' lang='lat' dir='ltr'>Trunca</span> <span class='ocrx_word' id='word_1_86' title='bbox 211 1491 302 1532; x_wconf 89' lang='lat' dir='ltr'>mauu</span> <span class='ocrx_word' id='word_1_87' title='bbox 316 1471 404 1554; x_wconf 91' lang='lat' dir='ltr'>pinus</span> <span class='ocrx_word' id='word_1_88' title='bbox 418 1471 497 1552; x_wconf 86' lang='lat' dir='ltr'>regit</span> <span class='ocrx_word' id='word_1_89' title='bbox 511 1477 543 1533; x_wconf 92' lang='lat' dir='ltr'>et</span> <span class='ocrx_word' id='word_1_90' title='bbox 557 1469 684 1551; x_wconf 84' lang='lat' dir='ltr'>vestigia</span> <span class='ocrx_word' id='word_1_91' title='bbox 697 1472 806 1532; x_wconf 90' lang='lat' dir='ltr'>firmat.</span> 
     </span>
     <span class='ocr_line' id='line_1_15' title="bbox 75 1554 1115 1638; baseline 0.002 -22"><span class='ocrx_word' id='word_1_92' title='bbox 75 1554 244 1636; x_wconf 86' lang='lat' dir='ltr'>Lanigerae</span> <span class='ocrx_word' id='word_1_93' title='bbox 260 1557 438 1624; x_wconf 90' lang='lat' dir='ltr'>comitantur</span> <span class='ocrx_word' id='word_1_94' title='bbox 452 1575 541 1619; x_wconf 86' lang='lat' dir='ltr'>oves:</span> <span class='ocrx_word' id='word_1_95' title='bbox 566 1575 602 1617; x_wconf 89' lang='lat' dir='ltr'>ca</span> <span class='ocrx_word' id='word_1_96' title='bbox 617 1556 679 1617; x_wconf 89' lang='lat' dir='ltr'>sola</span> <span class='ocrx_word' id='word_1_97' title='bbox 694 1557 841 1638; x_wconf 87' lang='lat' dir='ltr'>voluptas,</span> <span class='ocrx_word' id='word_1_98' title='bbox 1068 1572 1115 1622; x_wconf 84' lang='grc'>666</span> 
     </span>
     <span class='ocr_line' id='line_1_16' title="bbox 78 1639 373 1723; baseline 0 -21"><span class='ocrx_word' id='word_1_99' title='bbox 78 1639 277 1723; x_wconf 79' lang='lat' dir='ltr'>Solamenque</span> <span class='ocrx_word' id='word_1_100' title='bbox 292 1641 373 1702; x_wconf 90' lang='lat' dir='ltr'>mali.</span> 
     </span>
     <span class='ocr_line' id='line_1_17' title="bbox 76 1725 929 1808; baseline 0 -22"><span class='ocrx_word' id='word_1_101' title='bbox 76 1725 241 1807; x_wconf 92' lang='lat' dir='ltr'>Postquam</span> <span class='ocrx_word' id='word_1_102' title='bbox 256 1727 330 1788; x_wconf 84' lang='grc'>61166</span> <span class='ocrx_word' id='word_1_103' title='bbox 345 1725 445 1808; x_wconf 84' lang='lat' dir='ltr'>tetigit</span> <span class='ocrx_word' id='word_1_104' title='bbox 458 1725 577 1805; x_wconf 88' lang='lat' dir='ltr'>fluctus,</span> <span class='ocrx_word' id='word_1_105' title='bbox 593 1725 677 1788; x_wconf 88' lang='lat' dir='ltr'>etad</span> <span class='ocrx_word' id='word_1_106' title='bbox 693 1746 822 1808; x_wconf 90' lang='lat' dir='ltr'>aequora</span> <span class='ocrx_word' id='word_1_107' title='bbox 837 1725 929 1802; x_wconf 89' lang='lat' dir='ltr'>venit,</span> 
     </span>
     <span class='ocr_line' id='line_1_18' title="bbox 75 1810 797 1889; baseline 0 -17"><span class='ocrx_word' id='word_1_108' title='bbox 75 1810 211 1872; x_wconf 87' lang='lat' dir='ltr'>Luminis</span> <span class='ocrx_word' id='word_1_109' title='bbox 226 1810 321 1872; x_wconf 88' lang='lat' dir='ltr'>effossi</span> <span class='ocrx_word' id='word_1_110' title='bbox 336 1811 459 1873; x_wconf 89' lang='lat' dir='ltr'>fluidum</span> <span class='ocrx_word' id='word_1_111' title='bbox 473 1812 546 1874; x_wconf 88' lang='lat' dir='ltr'>lavit</span> <span class='ocrx_word' id='word_1_112' title='bbox 561 1811 631 1873; x_wconf 88' lang='lat' dir='ltr'>inde</span> <span class='ocrx_word' id='word_1_113' title='bbox 651 1831 797 1889; x_wconf 89' lang='lat' dir='ltr'>cruorem,</span> 
     </span>
     <span class='ocr_line' id='line_1_19' title="bbox 75 1894 981 1979; baseline 0.001 -23"><span class='ocrx_word' id='word_1_114' title='bbox 75 1895 226 1956; x_wconf 87' lang='lat' dir='ltr'>Dentibus</span> <span class='ocrx_word' id='word_1_115' title='bbox 240 1894 413 1958; x_wconf 87' lang='lat' dir='ltr'>infrendens</span> <span class='ocrx_word' id='word_1_116' title='bbox 427 1896 541 1978; x_wconf 81' lang='lat' dir='ltr'>gemitu</span> <span class='ocrx_word' id='word_1_117' title='bbox 554 1917 561 1973; x_wconf 92' lang='lat'><strong>;</strong></span> <span class='ocrx_word' id='word_1_118' title='bbox 585 1896 779 1979; x_wconf 86' lang='lat' dir='ltr'>graditurque</span> <span class='ocrx_word' id='word_1_119' title='bbox 794 1917 848 1978; x_wconf 89' lang='lat' dir='ltr'>per</span> <span class='ocrx_word' id='word_1_120' title='bbox 870 1915 981 1977; x_wconf 89' lang='lat' dir='ltr'>aequor</span> 
     </span>
     <span class='ocr_line' id='line_1_20' title="bbox 74 1980 913 2056; baseline 0 -15"><span class='ocrx_word' id='word_1_121' title='bbox 74 1980 149 2042; x_wconf 76' lang='lat' dir='ltr'>lam</span> <span class='ocrx_word' id='word_1_122' title='bbox 163 1980 293 2042; x_wconf 89' lang='lat' dir='ltr'>medium</span> <span class='ocrx_word' id='word_1_123' title='bbox 306 2001 314 2056; x_wconf 91' lang='lat'>;</span> <span class='ocrx_word' id='word_1_124' title='bbox 329 1981 459 2043; x_wconf 89' lang='lat' dir='ltr'>necdum</span> <span class='ocrx_word' id='word_1_125' title='bbox 472 1982 580 2044; x_wconf 89' lang='lat' dir='ltr'>fluctus</span> <span class='ocrx_word' id='word_1_126' title='bbox 594 1983 691 2044; x_wconf 91' lang='lat' dir='ltr'>latera</span> <span class='ocrx_word' id='word_1_127' title='bbox 708 1981 801 2043; x_wconf 90' lang='lat' dir='ltr'>ardua</span> <span class='ocrx_word' id='word_1_128' title='bbox 816 1980 913 2042; x_wconf 85' lang='lat' dir='ltr'>tinxit.</span> 
     </span>
     <span class='ocr_line' id='line_1_21' title="bbox 75 2066 881 2149; baseline -0.001 -22"><span class='ocrx_word' id='word_1_129' title='bbox 75 2066 143 2127; x_wconf 93' lang='lat' dir='ltr'>Nos</span> <span class='ocrx_word' id='word_1_130' title='bbox 159 2066 262 2147; x_wconf 91' lang='lat' dir='ltr'>procul</span> <span class='ocrx_word' id='word_1_131' title='bbox 276 2066 344 2128; x_wconf 91' lang='lat' dir='ltr'>inde</span> <span class='ocrx_word' id='word_1_132' title='bbox 360 2066 462 2148; x_wconf 86' lang='lat' dir='ltr'>fugam</span> <span class='ocrx_word' id='word_1_133' title='bbox 477 2068 586 2149; x_wconf 89' lang='lat' dir='ltr'>trepidi</span> <span class='ocrx_word' id='word_1_134' title='bbox 602 2067 745 2144; x_wconf 86' lang='lat' dir='ltr'>celerare,</span> <span class='ocrx_word' id='word_1_135' title='bbox 760 2070 881 2148; x_wconf 90' lang='lat' dir='ltr'>recepto</span> 
     </span>
     <span class='ocr_line' id='line_1_22' title="bbox 78 2149 859 2234; baseline -0.003 -21"><span class='ocrx_word' id='word_1_136' title='bbox 78 2149 232 2233; x_wconf 84' lang='lat' dir='ltr'>Supplice,</span> <span class='ocrx_word' id='word_1_137' title='bbox 247 2151 289 2213; x_wconf 90' lang='lat' dir='ltr'>sic</span> <span class='ocrx_word' id='word_1_138' title='bbox 304 2153 419 2230; x_wconf 87' lang='lat' dir='ltr'>merito,</span> <span class='ocrx_word' id='word_1_139' title='bbox 435 2153 577 2234; x_wconf 87' lang='lat' dir='ltr'>tacitique</span> <span class='ocrx_word' id='word_1_140' title='bbox 593 2151 724 2213; x_wconf 90' lang='lat' dir='ltr'>incidere</span> <span class='ocrx_word' id='word_1_141' title='bbox 736 2151 838 2212; x_wconf 76' lang='lat' dir='ltr'>hinem</span> <span class='ocrx_word' id='word_1_142' title='bbox 851 2170 859 2226; x_wconf 83' lang='lat'><em>3</em></span> 
     </span>
     <span class='ocr_line' id='line_1_23' title="bbox 75 2236 892 2319; baseline 0.006 -21"><span class='ocrx_word' id='word_1_143' title='bbox 75 2236 235 2298; x_wconf 83' lang='lat' dir='ltr'>Verrirnus</span> <span class='ocrx_word' id='word_1_144' title='bbox 251 2242 281 2297; x_wconf 93' lang='lat' dir='ltr'>et</span> <span class='ocrx_word' id='word_1_145' title='bbox 295 2237 380 2319; x_wconf 91' lang='lat' dir='ltr'>proni</span> <span class='ocrx_word' id='word_1_146' title='bbox 395 2237 577 2299; x_wconf 87' lang='lat' dir='ltr'>certantibus</span> <span class='ocrx_word' id='word_1_147' title='bbox 594 2256 724 2318; x_wconf 88' lang='lat' dir='ltr'>aequora</span> <span class='ocrx_word' id='word_1_148' title='bbox 738 2236 837 2298; x_wconf 88' lang='lat' dir='ltr'>remis.</span> <span class='ocrx_word' id='word_1_149' title='bbox 889 2298 892 2303; x_wconf 85' lang='lat'>.</span> 
     </span>
     <span class='ocr_line' id='line_1_24' title="bbox 78 2320 772 2403; baseline 0 -21"><span class='ocrx_word' id='word_1_150' title='bbox 78 2321 190 2398; x_wconf 85' lang='lat' dir='ltr'>Sensit,</span> <span class='ocrx_word' id='word_1_151' title='bbox 206 2327 237 2382; x_wconf 96' lang='grc'>61</span> <span class='ocrx_word' id='word_1_152' title='bbox 251 2321 290 2382; x_wconf 92' lang='lat' dir='ltr'>ad</span> <span class='ocrx_word' id='word_1_153' title='bbox 301 2323 428 2383; x_wconf 89' lang='lat' dir='ltr'>sonitum</span> <span class='ocrx_word' id='word_1_154' title='bbox 442 2322 523 2384; x_wconf 83' lang='lat' dir='ltr'>vocis</span> <span class='ocrx_word' id='word_1_155' title='bbox 537 2322 663 2403; x_wconf 83' lang='lat' dir='ltr'>vestigia</span> <span class='ocrx_word' id='word_1_156' title='bbox 678 2320 772 2383; x_wconf 88' lang='lat' dir='ltr'>torsit.</span> 
     </span>
     <span class='ocr_line' id='line_1_25' title="bbox 76 2406 890 2488; baseline 0 -20"><span class='ocrx_word' id='word_1_157' title='bbox 76 2407 194 2468; x_wconf 85' lang='lat' dir='ltr'>Verum</span> <span class='ocrx_word' id='word_1_158' title='bbox 208 2406 258 2466; x_wconf 92' lang='lat' dir='ltr'>ubi</span> <span class='ocrx_word' id='word_1_159' title='bbox 272 2407 355 2469; x_wconf 93' lang='lat' dir='ltr'>nulla</span> <span class='ocrx_word' id='word_1_160' title='bbox 369 2406 457 2469; x_wconf 90' lang='lat' dir='ltr'>datur</span> <span class='ocrx_word' id='word_1_161' title='bbox 472 2407 578 2469; x_wconf 85' lang='lat' dir='ltr'>dextra</span> <span class='ocrx_word' id='word_1_162' title='bbox 593 2407 733 2468; x_wconf 87' lang='lat' dir='ltr'>affectare</span> <span class='ocrx_word' id='word_1_163' title='bbox 748 2410 890 2488; x_wconf 63' lang='lat' dir='ltr'>potestas</span> 
     </span>
     <span class='ocr_line' id='line_1_26' title="bbox 76 2491 788 2575; baseline 0 -23"><span class='ocrx_word' id='word_1_164' title='bbox 76 2492 109 2552; x_wconf 91' lang='lat' dir='ltr'>N</span> <span class='ocrx_word' id='word_1_165' title='bbox 111 2512 144 2553; x_wconf 91' lang='grc'>66</span> <span class='ocrx_word' id='word_1_166' title='bbox 161 2491 236 2573; x_wconf 91' lang='lat' dir='ltr'>potis</span> <span class='ocrx_word' id='word_1_167' title='bbox 251 2491 350 2553; x_wconf 90' lang='lat' dir='ltr'>Ionios</span> <span class='ocrx_word' id='word_1_168' title='bbox 364 2493 472 2554; x_wconf 91' lang='lat' dir='ltr'>fluctus</span> <span class='ocrx_word' id='word_1_169' title='bbox 484 2512 613 2575; x_wconf 89' lang='lat' dir='ltr'>aequare</span> <span class='ocrx_word' id='word_1_170' title='bbox 626 2491 788 2572; x_wconf 86' lang='lat' dir='ltr'>sequendo,</span> 
     </span>
     <span class='ocr_line' id='line_1_27' title="bbox 77 2576 902 2659; baseline 0.002 -23"><span class='ocrx_word' id='word_1_171' title='bbox 77 2577 245 2637; x_wconf 87' lang='lat' dir='ltr'>Clamorem</span> <span class='ocrx_word' id='word_1_172' title='bbox 259 2576 434 2638; x_wconf 90' lang='lat' dir='ltr'>immensum</span> <span class='ocrx_word' id='word_1_173' title='bbox 450 2577 536 2654; x_wconf 93' lang='lat' dir='ltr'>tollit,</span> <span class='ocrx_word' id='word_1_174' title='bbox 552 2598 610 2659; x_wconf 92' lang='lat' dir='ltr'>quo</span> <span class='ocrx_word' id='word_1_175' title='bbox 625 2583 732 2658; x_wconf 88' lang='lat' dir='ltr'>pontus</span> <span class='ocrx_word' id='word_1_176' title='bbox 748 2583 779 2637; x_wconf 91' lang='lat' dir='ltr'>et</span> <span class='ocrx_word' id='word_1_177' title='bbox 801 2595 902 2638; x_wconf 91' lang='lat' dir='ltr'>omues</span> 
     </span>
     <span class='ocr_line' id='line_1_28' title="bbox 76 2661 844 2744; baseline 0.001 -22"><span class='ocrx_word' id='word_1_178' title='bbox 76 2661 264 2722; x_wconf 89' lang='lat' dir='ltr'>Intremuere</span> <span class='ocrx_word' id='word_1_179' title='bbox 279 2661 388 2739; x_wconf 89' lang='lat' dir='ltr'>undae,</span> <span class='ocrx_word' id='word_1_180' title='bbox 406 2661 582 2744; x_wconf 88' lang='lat' dir='ltr'>penitusque</span> <span class='ocrx_word' id='word_1_181' title='bbox 599 2661 742 2723; x_wconf 83' lang='lat' dir='ltr'>exterrita</span> <span class='ocrx_word' id='word_1_182' title='bbox 757 2661 844 2723; x_wconf 86' lang='lat' dir='ltr'>tellus</span> 
     </span>
     <span class='ocr_line' id='line_1_29' title="bbox 76 2745 806 2828; baseline 0.003 -22"><span class='ocrx_word' id='word_1_183' title='bbox 76 2747 195 2823; x_wconf 87' lang='lat' dir='ltr'>Italiae,</span> <span class='ocrx_word' id='word_1_184' title='bbox 212 2746 368 2827; x_wconf 89' lang='lat' dir='ltr'>curvisque</span> <span class='ocrx_word' id='word_1_185' title='bbox 384 2746 530 2828; x_wconf 82' lang='lat' dir='ltr'>immugiit</span> <span class='ocrx_word' id='word_1_186' title='bbox 544 2746 646 2809; x_wconf 83' lang='lat' dir='ltr'>Aetna</span> <span class='ocrx_word' id='word_1_187' title='bbox 661 2745 806 2808; x_wconf 86' lang='lat' dir='ltr'>cavernis.</span> 
     </span>
     <span class='ocr_line' id='line_1_30' title="bbox 76 2830 829 2915; baseline 0.003 -24"><span class='ocrx_word' id='word_1_188' title='bbox 76 2833 122 2891; x_wconf 87' lang='lat' dir='ltr'>At</span> <span class='ocrx_word' id='word_1_189' title='bbox 136 2851 230 2911; x_wconf 84' lang='lat' dir='ltr'>genus</span> <span class='ocrx_word' id='word_1_190' title='bbox 247 2851 263 2892; x_wconf 88' lang='grc'>6</span> <span class='ocrx_word' id='word_1_191' title='bbox 279 2830 359 2892; x_wconf 90' lang='lat' dir='ltr'>silvis</span> <span class='ocrx_word' id='word_1_192' title='bbox 376 2830 540 2915; x_wconf 90' lang='lat' dir='ltr'>Cyclopum</span> <span class='ocrx_word' id='word_1_193' title='bbox 555 2838 586 2892; x_wconf 87' lang='lat' dir='ltr'>et</span> <span class='ocrx_word' id='word_1_194' title='bbox 599 2832 746 2893; x_wconf 90' lang='lat' dir='ltr'>montibus</span> <span class='ocrx_word' id='word_1_195' title='bbox 762 2831 829 2894; x_wconf 91' lang='lat' dir='ltr'>altis</span> 
     </span>
     <span class='ocr_line' id='line_1_31' title="bbox 77 2915 797 2998; baseline 0.003 -23"><span class='ocrx_word' id='word_1_196' title='bbox 77 2915 218 2977; x_wconf 83' lang='lat' dir='ltr'>Excitum</span> <span class='ocrx_word' id='word_1_197' title='bbox 233 2915 293 2976; x_wconf 90' lang='lat' dir='ltr'>ruit</span> <span class='ocrx_word' id='word_1_198' title='bbox 308 2915 345 2977; x_wconf 90' lang='lat' dir='ltr'>ad</span> <span class='ocrx_word' id='word_1_199' title='bbox 361 2923 475 2998; x_wconf 91' lang='lat' dir='ltr'>portus,</span> <span class='ocrx_word' id='word_1_200' title='bbox 491 2922 522 2977; x_wconf 92' lang='lat' dir='ltr'>et</span> <span class='ocrx_word' id='word_1_201' title='bbox 536 2916 624 2978; x_wconf 89' lang='lat' dir='ltr'>htora</span> <span class='ocrx_word' id='word_1_202' title='bbox 640 2917 797 2998; x_wconf 89' lang='lat' dir='ltr'>complent.</span> 
     </span>
     <span class='ocr_line' id='line_1_32' title="bbox 78 2999 842 3083; baseline 0.003 -22"><span class='ocrx_word' id='word_1_203' title='bbox 78 3000 234 3062; x_wconf 88' lang='lat' dir='ltr'>Cernimus</span> <span class='ocrx_word' id='word_1_204' title='bbox 250 2999 403 3062; x_wconf 87' lang='lat' dir='ltr'>adstantes</span> <span class='ocrx_word' id='word_1_205' title='bbox 417 3001 619 3083; x_wconf 90' lang='lat' dir='ltr'>nequidquam</span> <span class='ocrx_word' id='word_1_206' title='bbox 633 3001 743 3063; x_wconf 90' lang='lat' dir='ltr'>lumine</span> <span class='ocrx_word' id='word_1_207' title='bbox 759 3007 842 3063; x_wconf 88' lang='lat' dir='ltr'>torvo</span> 
     </span>
     <span class='ocr_line' id='line_1_33' title="bbox 76 3084 816 3168; baseline 0 -22"><span class='ocrx_word' id='word_1_208' title='bbox 76 3087 230 3147; x_wconf 87' lang='lat' dir='ltr'>Aetnaeos</span> <span class='ocrx_word' id='word_1_209' title='bbox 244 3084 366 3162; x_wconf 88' lang='lat' dir='ltr'>fratres,</span> <span class='ocrx_word' id='word_1_210' title='bbox 382 3086 463 3147; x_wconf 91' lang='lat' dir='ltr'>coelo</span> <span class='ocrx_word' id='word_1_211' title='bbox 479 3086 578 3168; x_wconf 91' lang='lat' dir='ltr'>capita</span> <span class='ocrx_word' id='word_1_212' title='bbox 592 3087 654 3148; x_wconf 88' lang='lat' dir='ltr'>alta</span> <span class='ocrx_word' id='word_1_213' title='bbox 674 3086 816 3162; x_wconf 89' lang='lat' dir='ltr'>ferentes,</span> 
     </span>
     <span class='ocr_line' id='line_1_34' title="bbox 78 3169 912 3252; baseline -0.002 -19"><span class='ocrx_word' id='word_1_214' title='bbox 78 3169 245 3233; x_wconf 86' lang='lat' dir='ltr'>Concilium</span> <span class='ocrx_word' id='word_1_215' title='bbox 256 3169 456 3231; x_wconf 90' lang='lat' dir='ltr'>horrendum:</span> <span class='ocrx_word' id='word_1_216' title='bbox 482 3171 584 3251; x_wconf 90' lang='lat' dir='ltr'>quales</span> <span class='ocrx_word' id='word_1_217' title='bbox 600 3191 690 3252; x_wconf 91' lang='lat' dir='ltr'>quum</span> <span class='ocrx_word' id='word_1_218' title='bbox 706 3169 817 3232; x_wconf 88' lang='lat' dir='ltr'>vortice</span> <span class='ocrx_word' id='word_1_219' title='bbox 833 3170 912 3232; x_wconf 90' lang='lat' dir='ltr'>celso</span> 
     </span>
     <span class='ocr_line' id='line_1_35' title="bbox 76 3255 1114 3338; baseline 0.003 -24"><span class='ocrx_word' id='word_1_220' title='bbox 76 3257 189 3319; x_wconf 69' lang='lat' dir='ltr'>Aerias</span> <span class='ocrx_word' id='word_1_221' title='bbox 205 3274 333 3338; x_wconf 88' lang='lat' dir='ltr'>quercus</span> <span class='ocrx_word' id='word_1_222' title='bbox 348 3261 400 3316; x_wconf 90' lang='lat' dir='ltr'>aut</span> <span class='ocrx_word' id='word_1_223' title='bbox 416 3255 564 3317; x_wconf 89' lang='lat' dir='ltr'>coniferae</span> <span class='ocrx_word' id='word_1_224' title='bbox 580 3255 724 3338; x_wconf 89' lang='lat' dir='ltr'>cyparissi</span> <span class='ocrx_word' id='word_1_225' title='bbox 1068 3275 1114 3324; x_wconf 84' lang='grc'>666</span> 
     </span>
     <span class='ocr_line' id='line_1_36' title="bbox 77 3338 856 3419; baseline -0.001 -16"><span class='ocrx_word' id='word_1_226' title='bbox 77 3341 293 3417; x_wconf 79' lang='lat' dir='ltr'>Constiterant,</span> <span class='ocrx_word' id='word_1_227' title='bbox 309 3339 383 3400; x_wconf 91' lang='lat' dir='ltr'>silva</span> <span class='ocrx_word' id='word_1_228' title='bbox 398 3340 459 3401; x_wconf 90' lang='lat' dir='ltr'>alta</span> <span class='ocrx_word' id='word_1_229' title='bbox 472 3338 494 3401; x_wconf 91' lang='lat' dir='ltr'><strong>J</strong></span> <span class='ocrx_word' id='word_1_230' title='bbox 496 3341 568 3419; x_wconf 75' lang='grc'>6616,</span> <span class='ocrx_word' id='word_1_231' title='bbox 583 3340 706 3402; x_wconf 82' lang='lat' dir='ltr'>lucusve</span> <span class='ocrx_word' id='word_1_232' title='bbox 729 3339 856 3402; x_wconf 88' lang='lat' dir='ltr'>Dianae.</span> 
     </span>
     <span class='ocr_line' id='line_1_37' title="bbox 76 3425 901 3509; baseline -0.002 -21"><span class='ocrx_word' id='word_1_233' title='bbox 76 3427 261 3509; x_wconf 88' lang='lat' dir='ltr'>Praecipites</span> <span class='ocrx_word' id='word_1_234' title='bbox 275 3430 374 3486; x_wconf 92' lang='lat' dir='ltr'>metus</span> <span class='ocrx_word' id='word_1_235' title='bbox 390 3445 460 3486; x_wconf 88' lang='lat' dir='ltr'>acer</span> <span class='ocrx_word' id='word_1_236' title='bbox 475 3425 538 3506; x_wconf 83' lang='lat' dir='ltr'>agit</span> <span class='ocrx_word' id='word_1_237' title='bbox 552 3446 737 3507; x_wconf 90' lang='lat' dir='ltr'>quocumque</span> <span class='ocrx_word' id='word_1_238' title='bbox 760 3425 901 3486; x_wconf 88' lang='lat' dir='ltr'>rudentes</span> 
     </span>
     <span class='ocr_line' id='line_1_38' title="bbox 77 3509 814 3584; baseline -0.004 -11"><span class='ocrx_word' id='word_1_239' title='bbox 77 3513 240 3584; x_wconf 82' lang='lat' dir='ltr'>Excutere,</span> <span class='ocrx_word' id='word_1_240' title='bbox 256 3516 287 3570; x_wconf 92' lang='grc'>61</span> <span class='ocrx_word' id='word_1_241' title='bbox 302 3509 398 3571; x_wconf 88' lang='lat' dir='ltr'>ventis</span> <span class='ocrx_word' id='word_1_242' title='bbox 413 3509 568 3572; x_wconf 88' lang='lat' dir='ltr'>intendere</span> <span class='ocrx_word' id='word_1_243' title='bbox 584 3511 651 3571; x_wconf 87' lang='lat' dir='ltr'>vela</span> <span class='ocrx_word' id='word_1_244' title='bbox 666 3509 814 3571; x_wconf 90' lang='lat' dir='ltr'>secundis.</span> 
     </span>
    </p>
   </div>
   <div class='ocr_carea' id='block_1_3' title="bbox 78 3592 1113 3760">
    <p class='ocr_par' dir='ltr' id='par_1_3' title="bbox 78 3592 1113 3760">
     <span class='ocr_line' id='line_1_39' title="bbox 82 3592 1028 3679; baseline -0.005 -21"><span class='ocrx_word' id='word_1_245' title='bbox 82 3596 211 3678; x_wconf 89' lang='lat' dir='ltr'>[Contra</span> <span class='ocrx_word' id='word_1_246' title='bbox 217 3597 303 3679; x_wconf 89' lang='lat' dir='ltr'>jussa</span> <span class='ocrx_word' id='word_1_247' title='bbox 317 3602 438 3656; x_wconf 92' lang='lat' dir='ltr'>monent</span> <span class='ocrx_word' id='word_1_248' title='bbox 453 3594 575 3672; x_wconf 88' lang='lat' dir='ltr'>Heleni,</span> <span class='ocrx_word' id='word_1_249' title='bbox 593 3593 725 3676; x_wconf 77' lang='lat' dir='ltr'>Scyllam</span> <span class='ocrx_word' id='word_1_250' title='bbox 740 3601 830 3674; x_wconf 90' lang='lat' dir='ltr'>atque</span> <span class='ocrx_word' id='word_1_251' title='bbox 847 3592 1028 3677; x_wconf 89' lang='lat' dir='ltr'>Charybdim</span> 
     </span>
     <span class='ocr_line' id='line_1_40' title="bbox 78 3679 1113 3760; baseline -0.005 -19"><span class='ocrx_word' id='word_1_252' title='bbox 78 3682 163 3742; x_wconf 89' lang='lat' dir='ltr'>Inter</span> <span class='ocrx_word' id='word_1_253' title='bbox 178 3688 335 3760; x_wconf 90' lang='lat' dir='ltr'>utramque</span> <span class='ocrx_word' id='word_1_254' title='bbox 351 3679 428 3740; x_wconf 87' lang='lat' dir='ltr'>viam</span> <span class='ocrx_word' id='word_1_255' title='bbox 442 3680 495 3741; x_wconf 92' lang='lat' dir='ltr'>leti</span> <span class='ocrx_word' id='word_1_256' title='bbox 511 3679 678 3741; x_wconf 89' lang='lat' dir='ltr'>discrimine</span> <span class='ocrx_word' id='word_1_257' title='bbox 701 3699 803 3760; x_wconf 86' lang='lat' dir='ltr'>parvo,</span> <span class='ocrx_word' id='word_1_258' title='bbox 1066 3695 1113 3745; x_wconf 84' lang='grc'>666</span> 
     </span>
    </p>
   </div>
   <div class='ocr_carea' id='block_1_4' title="bbox 78 3760 940 3910">
    <p class='ocr_par' dir='ltr' id='par_1_4' title="bbox 78 3760 940 3910">
     <span class='ocr_line' id='line_1_41' title="bbox 78 3760 940 3910; baseline -0.007 -82"><span class='ocrx_word' id='word_1_259' title='bbox 78 3766 120 3828; x_wconf 91' lang='lat' dir='ltr'>Ni</span> <span class='ocrx_word' id='word_1_260' title='bbox 137 3772 259 3828; x_wconf 85' lang='lat' dir='ltr'>teneant</span> <span class='ocrx_word' id='word_1_261' title='bbox 274 3785 389 3826; x_wconf 91' lang='lat' dir='ltr'>cursus.</span> <span class='ocrx_word' id='word_1_262' title='bbox 420 3764 560 3910; x_wconf 48' lang='grc'>13651616</span> <span class='ocrx_word' id='word_1_263' title='bbox 575 3770 621 3825; x_wconf 85' lang='grc'>661</span> <span class='ocrx_word' id='word_1_264' title='bbox 636 3764 707 3825; x_wconf 88' lang='lat' dir='ltr'>dare</span> <span class='ocrx_word' id='word_1_265' title='bbox 725 3764 817 3824; x_wconf 88' lang='lat' dir='ltr'>lintea</span> <span class='ocrx_word' id='word_1_266' title='bbox 832 3760 940 3844; x_wconf 79' lang='lat' dir='ltr'>retro]</span> 
     </span>
    </p>
   </div>
   <div class='ocr_carea' id='block_1_5' title="bbox 0 0 1253 4334">
    <p class='ocr_par' dir='ltr' id='par_1_5' title="bbox 0 0 1253 4334">
     <span class='ocr_line' id='line_1_42' title="bbox 0 0 1253 4334; baseline 0 0"><span class='ocrx_word' id='word_1_267' title='bbox 0 0 1253 4334; x_wconf 95' lang='lat' dir='ltr'> </span> 
     </span>
    </p>
   </div>
  </div>
 </body>
</html>
