2496 4334
116 248 178 313 216
454 265 484 311 r.
508 263 649 310 vrnernn
671 261 815 307 renerus

115 417 204 481 Stant
218 419 289 482 belli
304 438 427 482 caussae
441 437 449 492 ;
472 422 625 499 pugnatur
639 414 801 478 comminus
817 414 907 478 armis
921 434 929 491 ;

114 502 198 575 Quae
213 505 273 567 fors
289 505 384 587 prima
400 503 494 580 dedit,
509 501 631 583 sangnis
644 522 739 562 novus
753 499 859 562 imbuit
874 521 967 564 arma.

112 588 197 650 Talia
212 588 349 673 conjugia
364 595 395 650 et
409 588 485 649 tales
502 587 654 650 celebrent
668 587 849 668 hymenaeos

113 672 278 755 Egregium
293 673 423 737 Veneris
439 693 534 754 genus
550 678 581 733 et
595 692 649 733 rex
663 670 726 752 ipse
743 668 879 733 Latinus.

111 757 154 818 Te
169 779 260 840 super
274 757 422 821 aetherias
437 777 539 820 errare
553 756 691 818 hcentius
706 775 794 817 auras

110 841 204 905 Haud
219 843 312 906 Pater
326 843 376 905 ille
391 843 474 920 velit,
490 841 597 904 summi
611 847 753 923 regnator
769 838 901 922 Olympi.

111 925 193 989 Cede
208 929 290 991 locis.
334 928 412 1010 Ego,
428 927 453 990 si
467 948 528 1009 qua
542 947 633 1008 super
647 927 767 988 fortuna
781 924 916 987 laborum
931 930 989 1004 est,

108 1010 180 1094 Ipsa
191 1034 305 1095 regam.
349 1012 437 1075 Tales
453 1011 579 1074 dederat
595 1009 736 1074 Saturnia
750 1029 858 1086 voees3

108 1096 166 1158 Illa
180 1105 280 1161 autem
295 1098 404 1160 attollit
418 1096 579 1159 stridentes
594 1096 742 1178 anguibus
757 1095 830 1173 alas,

109 1179 274 1265 Cocytique
290 1183 366 1265 petit
380 1181 492 1259 sedem,
508 1202 618 1264 supera
632 1180 727 1243 ardua
740 1180 889 1262 linquens.

108 1265 164 1328 Est
178 1268 260 1330 loeus
275 1268 382 1330 Italiae
396 1267 494 1329 medio
509 1267 564 1329 sub
579 1266 727 1328 montibus
742 1265 822 1344 altis,

106 1349 223 1414 Nobilis
238 1360 269 1415 et
283 1353 363 1415 fama
376 1352 478 1414 multis
493 1357 673 1414 memoratus
688 1352 719 1413 in
733 1351 802 1428 oris,

105 1435 262 1500 Amsancti
277 1439 389 1512 valles3
413 1437 513 1499 densis
527 1438 607 1499 hunc
622 1436 776 1498 frondibus
792 1441 891 1497 atrum

105 1519 205 1602 Urget
219 1522 369 1605 utrimque
384 1523 462 1584 latus
477 1522 615 1600 nemoris,
630 1521 788 1603 medioque
803 1520 940 1602 fragosus

105 1603 167 1666 Dat
181 1608 309 1669 sonitum
323 1607 402 1670 saxis
417 1612 449 1669 et
463 1613 541 1670 torto
556 1607 669 1669 vertice
685 1613 811 1669 torrens.

104 1688 165 1751 Hic
180 1711 287 1773 specus
301 1692 483 1755 horrendum
498 1699 529 1754 et
544 1691 625 1754 saevi
639 1690 788 1774 spiracula
803 1687 882 1751 Ditis

103 1773 321 1855 Monstrantur,
336 1782 483 1860 ruptoque
498 1777 604 1858 ingens
618 1776 791 1839 Acheronte
812 1776 923 1855 vorago

103 1858 267 1924 Pestiferas
283 1861 379 1944 aperit
393 1862 496 1924 fauces
508 1881 516 1937 ;
539 1862 605 1944 quis
620 1862 741 1925 condita
755 1859 879 1943 Erinys,

102 1942 236 2007 Invisum
249 1967 370 2024 numen,
386 1952 482 2009 terras
497 1947 671 2028 coelumque
685 1944 814 2008 levabat.

145 2028 213 2093 Nec
227 2031 324 2093 minus
339 2030 457 2094 interea
471 2037 635 2093 extremam
652 2030 793 2093 Saturnia
809 2028 888 2090 bello

101 2112 232 2196 Impcnit
246 2116 351 2198 regina
364 2137 496 2178 manum.
541 2116 616 2178 Ruit
630 2114 724 2178 omnis
738 2114 769 2176 in
783 2113 889 2176 urbem

101 2197 260 2261 Pastorum
275 2222 312 2262 ex
327 2201 391 2262 acie
406 2221 559 2279 numerus,
575 2221 737 2282 caesosque
753 2203 908 2282 reportant

100 2281 259 2347 Almonem
275 2306 400 2367 puerum
414 2285 586 2367 foedatique
601 2306 653 2347 ora
670 2284 801 2360 Galaesi,

100 2365 325 2451 Implorantque
340 2370 423 2448 deos,
439 2371 684 2452 obtestanturque
703 2369 854 2432 Latinum.

100 2451 218 2515 Turnus
234 2454 330 2532 adest,
345 2454 504 2537 medioque
519 2455 550 2516 in
565 2456 688 2518 crimine
704 2455 805 2516 caedis
821 2458 852 2514 et
865 2450 929 2533 igni

100 2535 258 2600 Terrorem
272 2539 456 2620 ingeminat:
481 2539 612 2602 Teucros
627 2541 658 2601 in
672 2560 768 2620 regna
782 2538 902 2611 vocari;

101 2620 232 2704 Stirpem
247 2623 403 2686 admisceri
419 2623 583 2707 Phrygiam
596 2644 604 2699 3
628 2646 660 2686 se
674 2624 775 2685 limine
790 2623 870 2706 pelli.

99 2704 186 2783 Tum,
202 2728 327 2788 quornm
342 2709 485 2770 attorntae
501 2709 622 2771 Baccho
636 2730 759 2770 nemora
773 2709 841 2771 aria
854 2711 966 2769 matres

98 2789 250 2854 insultant
264 2792 367 2854 thiasis
378 2830 422 2840 -
432 2814 531 2875 neque
546 2794 630 2855 enim
639 2794 706 2855 leve
717 2814 825 2855 nomen
839 2791 970 2853 Amatae
980 2823 1024 2832 —

98 2873 241 2957 Undique
258 2877 374 2939 collecti
389 2878 508 2955 coeunt,
524 2878 715 2959 Martemque
730 2879 869 2958 fatigant.

100 2958 186 3021 Ilicet
201 2961 355 3035 infandum
370 2962 471 3030 cuncti
486 2968 589 3025 contra
604 2963 701 3024 omina
715 2962 837 3038 bellum,

99 3042 212 3107 Contra
226 3045 289 3107 feta
304 3046 404 3124 deum,
419 3069 560 3129 perverso
575 3047 695 3108 numine
711 3053 855 3129 poscunt;

99 3127 244 3190 Certatim
258 3131 338 3211 regis
353 3131 547 3205 circumstant
561 3138 643 3202 tecta
663 3131 772 3200 Latini.

98 3212 154 3273 Ille
169 3214 252 3274 velut
266 3215 366 3296 pelagi
380 3237 469 3297 rupes
484 3217 605 3291 immota
620 3217 743 3295 resistit,

97 3295 143 3358 Ut
158 3297 256 3379 pelagi
271 3319 372 3380 rupea,
386 3320 494 3380 magno
510 3301 649 3362 veniente
664 3301 795 3383 fragore,

97 3379 182 3452 Quae
198 3403 274 3460 sese,
288 3383 389 3445 multis
404 3384 517 3445 circum
531 3385 707 3448 latrantibus
722 3386 821 3463 undis,

96 3465 177 3528 Mole
194 3473 299 3540 tenet3
323 3468 436 3550 scopuli
450 3470 653 3551 nequidquam
668 3477 699 3532 et
714 3491 838 3552 spumea
853 3469 965 3532 circum

98 3549 179 3612 Saxa
196 3551 338 3629 fremunt,
353 3552 500 3636 laterique
515 3555 592 3616 illisa
606 3555 777 3617 refunditur
792 3556 870 3636 alga.

97 3635 213 3696 Verum
227 3636 279 3698 ubi
293 3637 376 3699 nulla
390 3638 479 3701 datur
494 3660 617 3701 caecum
633 3661 812 3722 exsuperare
828 3646 967 3722 potestas-

97 3717 269 3799 Consilium‚
285 3727 316 3782 et
331 3741 439 3786 saevae
454 3730 530 3785 nutn
544 3723 567 3784 J
568 3724 673 3786 unonis
688 3732 761 3787 eunt
775 3746 834 3803 res,
849 3757 850 3760 ¹
