2496 4334
480 269 641 316 AENEIDOS
672 270 736 317 ΗΒ.
768 271 821 317 ΠΙ.

123 421 193 485 Hae
207 422 293 485 nobis
307 421 443 505 propriae
459 422 546 484 sedes
558 442 566 498 ;
582 423 651 486 hinc
666 422 827 487 Dardanus
842 433 936 504 ortus,

123 508 281 590 Iasiusque
297 514 393 590 pater,
410 529 504 589 genus
520 529 608 591 aquo
623 510 755 591 principe
769 518 913 572 nestrum.

126 591 224 676 Surge
241 614 309 675 age,
325 594 445 654 ethaeo
461 594 558 655 laetus
573 596 717 676 longaeve
734 594 814 658 dieta
829 595 947 678 parenti

123 677 217 741 Haud
233 678 397 741 dubitanda
411 678 506 740 refer:
527 678 671 762 Corytum
688 686 841 762 terrasque
854 681 987 764 requirat

122 762 285 827 Ausonias.
329 763 458 826 Dictaea
472 770 564 845 negat
578 764 632 825 tibi
646 764 769 846 Jupiter
789 786 871 827 arva.

84 845 135 939 ἠῢ
166 849 288 910 Talibus
303 849 447 911 attonitus
461 849 531 912 visis
546 870 581 911 ac
598 870 669 912 voce
686 849 862 911 deorum-

123 932 191 995 Nec
207 954 295 1016 seper
308 934 382 996 illud
397 941 483 1010 erat3
506 934 559 997 sed
575 955 674 996 eoram
689 955 851 1016 agnoscere
867 937 978 1015 vultus,

122 1017 310 1100 Velatasque
326 1040 435 1098 eomas,
450 1020 678 1102 praesentiaque
694 1041 746 1082 ora
761 1021 884 1082 videbar
897 1041 905 1097 ;

123 1103 200 1166 llum
215 1103 331 1185 gelidus
347 1111 408 1166 toto
422 1105 562 1167 manabat
577 1125 699 1187 corpore
715 1105 815 1183 sudor,
826 1143 871 1153 -

124 1186 260 1271 Corripio
276 1210 292 1251 e
307 1190 407 1252 stratis
423 1210 540 1272 cerpus,
556 1190 705 1272 tendoque
722 1191 842 1274 supinas

122 1273 177 1336 Ad
192 1275 308 1336 coelum
323 1295 389 1337 cum
404 1296 476 1338 voce
492 1296 608 1354 manus,
624 1282 655 1338 et
669 1296 794 1338 munera
807 1276 867 1338 libe

123 1359 309 1422 Intemerata
322 1360 406 1422 fecis.
451 1361 592 1423 Perfecto
606 1362 703 1423 laetus
717 1362 839 1440 honere,

123 1445 278 1507 Anchisen
291 1444 368 1507 facio
384 1452 511 1526 eertum,
526 1465 648 1528 remque
664 1447 766 1508 ordine
782 1446 890 1529 pande.

123 1530 260 1612 Agnovit
274 1531 386 1613 prolem
401 1532 581 1612 ambiguam,
596 1532 788 1614 geminosque
803 1536 965 1614 parentes3

127 1615 227 1697 Seque
242 1636 318 1678 novo
333 1622 469 1678 veterum
484 1617 643 1699 deceptum
658 1638 758 1679 errore
769 1618 911 1680 locorum.

125 1701 202 1764 Tum
217 1707 381 1763 memorat:
405 1702 498 1780 Nate,
515 1701 615 1764 Iliacis
630 1703 760 1765 exercite
775 1703 856 1781 fatie,

127 1785 198 1849 Sela
212 1786 283 1848 mihi
297 1787 372 1848 tales
388 1807 474 1849 casus
490 1787 659 1850 Cassandra
674 1789 811 1850 canebat.

124 1871 217 1933 Nunc
232 1877 335 1953 repete
349 1871 424 1934 haec
440 1873 543 1954 generi
558 1874 735 1955 pertendere
751 1874 852 1936 debita
866 1880 977 1953 nostro,

123 1956 168 2019 Et
182 1976 271 2040 saepe
286 1957 476 2039 Hesperiam,
492 1978 582 2041 saepo
597 1958 677 2021 Itala
694 1980 788 2040 regna
803 1980 921 2022 vocare.

125 2040 190 2104 Sed
204 2042 270 2124 quis
285 2041 324 2105 ad
337 2042 504 2126 Hesperiae
520 2049 660 2107 ventures
674 2044 762 2107 litera
776 2045 908 2107 Teucros

125 2125 298 2190 Crederet?
322 2134 374 2191 aut
389 2149 478 2211 quem
492 2134 556 2190 tum
570 2135 654 2191 vates
671 2129 841 2193 Cassandra
854 2125 1014 2193 moveret?

125 2211 275 2276 Cedamus
290 2213 421 2292 Phoebo,
437 2220 469 2275 et
482 2215 585 2276 moniti
598 2215 721 2277 meliora
741 2236 911 2298 sequamur.

126 2297 177 2361 Sic
193 2297 256 2360 ait:
279 2304 310 2360 et
325 2299 425 2360 cuncti
443 2299 522 2361 dieto
537 2320 675 2382 paremus
694 2307 827 2363 ovantes

124 2382 215 2446 Hanc
231 2405 348 2466 queque
365 2383 527 2446 deserimus
542 2385 655 2464 sedem,
670 2387 832 2469 paucisque
848 2386 959 2448 relictis

123 2468 205 2533 Vela
220 2469 335 2548 damus,
350 2475 527 2551 vastumque
543 2491 618 2533 cava
632 2473 716 2533 trabe
732 2473 878 2534 currimus
898 2493 1020 2553 aequor.

168 2554 331 2636 Postquam
346 2555 439 2617 altum
453 2561 577 2618 tenuere
591 2563 681 2634 rates,
697 2578 752 2619 nee
763 2558 827 2640 jam
843 2558 967 2639 amplius
979 2561 1057 2621 ullae

123 2637 284 2722 Apparent
299 2646 410 2719 terrae,
422 2641 538 2702 coelum
555 2642 698 2725 undique,
715 2649 745 2704 et
760 2642 891 2724 undique
911 2653 1039 2726 pontus:

123 2726 202 2787 Tum
216 2725 286 2786 mihi
302 2726 457 2788 eaenrleus
472 2748 563 2808 supra
577 2733 668 2811 caput
683 2728 798 2790 adstitit
808 2729 913 2808 imber,

123 2809 255 2872 Noctem
268 2810 456 2893 hiememque
471 2812 582 2891 ferens,
598 2820 630 2875 et
642 2813 790 2874 inhonuit
808 2812 890 2877 unda
904 2815 1045 2878 tenebris.

125 2894 274 2958 Continuo
288 2895 370 2958 venti
386 2897 509 2959 volvunt
522 2919 616 2976 mare,
631 2919 799 2980 magnaque
815 2907 942 2982 surgunt

123 2981 290 3062 Aequora3
313 2979 439 3062 dispersi
448 2983 599 3065 jactamur
615 2985 733 3066 gurgite
755 2990 848 3045 vaste.

123 3067 282 3130 Involvere
299 3065 377 3127 diem
391 3067 493 3145 nimbi,
508 3075 540 3130 et
553 3090 612 3130 nox
626 3068 748 3129 humida
763 3070 879 3130 coelum

123 3152 260 3214 Abstulit
272 3173 281 3229 ;
302 3151 486 3232 ingeminant
501 3154 634 3236 abruptis
649 3153 776 3216 nubibus
789 3154 885 3235 ignes.

124 3237 303 3300 Excutimur
318 3256 418 3316 cursu,
433 3245 465 3300 et
480 3239 577 3301 caecis
594 3260 727 3301 erramus
741 3240 772 3301 in
792 3240 890 3302 undis.
920 3311 922 3315 ‚

124 3322 195 3404 Ipse
212 3323 291 3385 diem
305 3328 483 3405 noctemque
497 3330 589 3406 negat
604 3324 773 3387 discernere
790 3327 882 3404 coele,

123 3407 157 3470 N
159 3429 193 3470 ec
209 3408 375 3470 meminisse
391 3407 456 3470 viae
472 3409 570 3471 media
585 3409 743 3472 Palinurus
764 3411 796 3472 in
810 3413 900 3475 unda.

124 3494 200 3555 Tres
215 3493 289 3556 adeo
303 3494 433 3556 incertos
449 3515 539 3556 caeca
554 3495 679 3575 caligine
696 3498 771 3558 soles

125 3580 270 3641 Erramus
284 3580 402 3662 pelage,
420 3579 543 3641 totidem
558 3581 620 3642 sine
643 3580 740 3647 sidere
755 3587 869 3644 noctes.

125 3663 239 3737 Quarto
254 3670 336 3726 terra
352 3663 399 3725 die
415 3664 541 3746 primum
558 3686 589 3727 se
605 3667 741 3728 attollere
754 3667 874 3728 tandem

124 3749 212 3830 Visa,
228 3749 344 3833 aperire
356 3751 460 3831 procul
471 3757 596 3829 mentes,
612 3771 646 3812 ac
662 3752 782 3813 volvere
797 3752 920 3814 fumum.

524 3836 538 3863 b

473 3833 513 3896 11
