2496 4334
443 287 604 335 anusmos
620 287 686 333 ΗΒ.
702 287 755 335 111.

82 435 211 502 Servitio
227 438 341 518 enixae,
356 440 488 503 tulimus.
533 439 592 513 Qui
607 439 726 512 deinde,
741 445 863 503 secutus

79 523 232 586 Ledaeam
246 524 431 587 Hermionen
444 525 754 607 Lacedaemoniosque
766 525 958 608 hymenaeos,

78 607 134 669 Me
149 608 259 671 famulo
273 610 473 693 famulamque
488 610 607 672 Heleno
621 610 784 672 transmisit
798 610 977 674 habendam.

77 692 142 754 Ast
155 693 248 773 illum,
266 701 387 777 ereptae
402 715 510 776 magno
524 694 722 757 inflammatus
744 716 843 757 amore

80 775 234 860 (lonjugis,
250 784 281 840 et
295 781 441 842 scelerum
455 779 553 841 Emiis
569 780 710 860 agitatus,
727 779 851 843 Orestes

79 862 201 944 Excipit
214 864 378 943 incautum,
393 864 563 947 patriasque
579 865 737 927 obtruncat
751 865 790 927 ad
805 885 882 928 aras.

80 945 183 1008 Morte
198 948 387 1030 Neoptolemi
401 970 561 1030 regnorum
575 949 694 1011 reddita
709 949 799 1012 cessit

78 1030 156 1094 Pars
171 1032 300 1112 Heleno,
317 1034 368 1116 qui
384 1032 531 1096 Chaonios
542 1034 715 1115 cognomine
732 1055 862 1117 campos,

80 1115 302 1201 Chaoniamque
317 1139 434 1180 omnem
448 1119 575 1201 Trojano
590 1139 609 1180 a
621 1117 741 1180 Chaone
755 1118 840 1196 dixit,
875 1174 879 1181 .
930 1153 937 1164 =

78 1199 300 1285 Pergamaque,
315 1202 498 1285 Iliacamque
508 1202 591 1286 jugis
605 1203 683 1265 hanc
698 1202 813 1265 addidit
835 1223 945 1266 arcem.

80 1283 144 1348 Sed
158 1287 211 1348 tibi
226 1288 277 1370 qui
293 1308 412 1351 cursum
426 1289 518 1367 venti,
534 1308 611 1370 quae
627 1288 690 1351 fata
704 1287 814 1350 dedere
827 1287 840 1350 ’ἒ

76 1369 146 1431 Aut
160 1371 295 1453 quisnam
308 1373 445 1454 ignarum
459 1373 567 1435 nostris
582 1372 656 1435 deus
671 1373 786 1456 appulit
799 1371 881 1436 oris?

78 1453 160 1527 Quid
175 1478 249 1538 puer
262 1457 438 1520 Ascanius?
461 1456 645 1542 superatne?
667 1465 699 1520 et
710 1459 841 1521 vescitur
852 1479 926 1522 aura

79 1537 165 1611 Quae
181 1542 234 1603 tibi
243 1543 308 1625 jam
322 1543 411 1626 Troja
414 1589 528 1605 .....

78 1623 186 1707 Ecqua
199 1632 300 1689 tamen
314 1648 406 1710 puero
422 1635 469 1690 est
482 1628 607 1691 amissae
623 1648 696 1690 cura
709 1628 841 1710 parentis
854 1626 868 1690 l

78 1709 198 1792 Ecquid
214 1711 245 1774 in
260 1711 412 1794 antiquam
426 1713 568 1775 virtutem
583 1712 754 1796 animosque
778 1714 878 1776 viriles

78 1794 122 1856 Et
136 1802 223 1878 patm
235 1795 358 1859 Aeneas
373 1803 405 1859 et
419 1799 584 1861 avimculus
599 1797 712 1860 excitat
726 1796 869 1861 Hector?

123 1879 207 1944 Talia
218 1882 365 1944 fimdebat
377 1882 557 1968 lacrymans,
572 1885 734 1966 longosque
750 1883 849 1945 ciebat

78 1963 235 2028 Incassum
248 1967 336 2029 fletus
353 1986 360 2042 ;
383 1989 476 2050 quum
490 1989 555 2031 sese
572 1989 590 2031 a
602 1969 754 2031 moenibus
768 1969 856 2031 heros

78 2049 245 2114 Priamides
259 2053 359 2115 multis
374 2052 511 2116 Helenus
526 2054 734 2116 comitantibus
754 2054 851 2133 affert,

77 2135 285 2220 Agnoscitque
300 2159 379 2216 suos,
394 2139 550 2221 laetusque
565 2139 604 2201 ad
618 2139 720 2200 limina
734 2137 829 2217 ducit,

78 2221 122 2282 Et
135 2223 261 2285 multum
274 2223 421 2306 lacrymas
436 2224 528 2287 verba
541 2223 621 2286 inter
635 2224 752 2305 singula
773 2222 882 2285 fundit.

78 2306 226 2386 Procedo,
242 2313 273 2369 et
288 2329 410 2390 parvam
425 2307 555 2391 Trojam,
571 2309 767 2391 simulataque
789 2309 905 2389 magnis

78 2391 239 2473 Pergama,
255 2400 286 2455 et
301 2400 435 2455 arentem
449 2393 566 2455 Xanthi
581 2393 753 2474 cognomine
766 2393 873 2472 rivum,

78 2476 233 2558 Agnosco,
251 2476 423 2560 Scaeaeque
440 2479 603 2560 amplector
616 2478 717 2540 limina
732 2483 848 2559 portae.

78 2562 147 2624 Nec
164 2583 223 2624 non
238 2569 269 2625 et
283 2563 392 2627 Teucri
407 2564 487 2626 socia
501 2562 588 2626 simul
602 2564 676 2625 urbe
698 2563 861 2625 fruuntur:

78 2646 152 2710 Illos
165 2648 325 2731 porticibus
339 2670 394 2710 rex
408 2649 573 2731 accipiebat
587 2649 618 2709 in
633 2648 747 2732 amplis.

78 2731 172 2795 Aulai
184 2733 283 2795 medio
297 2735 430 2796 libabant
444 2734 551 2817 pocula
565 2733 690 2812 Bacchi,

78 2818 231 2899 impositis
246 2839 318 2881 auro
334 2819 470 2902 dapibus,
485 2826 664 2901 paterasque
687 2818 840 2881 tenebant.

123 2903 254 2986 Jamque
270 2903 344 2982 dies,
360 2905 495 2986 alterque
510 2904 574 2966 dies
589 2902 744 2986 processit,
760 2911 791 2966 et
805 2924 897 2966 aurae

79 2988 161 3050 Vela
175 2995 293 3067 vocant,
309 2989 481 3070 tumidoque
496 2989 616 3051 inflatur
638 2988 778 3051 carbasus
791 2995 903 3051 austro.

80 3072 139 3135 His
155 3079 254 3135 vatem
269 3073 429 3155 aggredior
444 3074 541 3152 dictis,
557 3094 592 3135 ac
604 3073 676 3135 talia
687 3093 819 3154 quaeso:

80 3158 262 3240 Projugena,
277 3159 424 3240 interpres
439 3158 550 3238 divum,
567 3158 618 3240 qui
631 3158 753 3219 numina
768 3157 893 3235 Phoebi,

81 3241 141 3314 Qui
155 3243 298 3325 tripodas,
316 3242 408 3305 Clarii
421 3243 531 3321 lauros,
547 3244 598 3325 qui
613 3242 712 3304 sidera
731 3243 835 3321 sentis,
1075 3260 1122 3310 360

80 3326 123 3388 Et
137 3328 291 3390 volucrum
304 3327 433 3409 linguas,
448 3335 480 3390 et
494 3328 643 3412 praepetis
659 3327 757 3389 omina
778 3348 907 3410 pennae,
1008 3335 1013 3345 ’

79 3411 159 3474 Fare
176 3433 231 3493 age
243 3449 287 3459 —
297 3434 426 3495 namque
443 3434 558 3474 omnem
575 3433 696 3475 cursum
709 3412 782 3473 mihi
803 3432 947 3497 prospera
962 3409 1037 3472 dixit

80 3497 211 3578 Religio,
227 3503 258 3558 et
273 3498 374 3560 cuncti
388 3505 545 3559 suaserunt
559 3497 680 3558 numine
696 3496 756 3558 divi

81 3582 202 3644 Itaham
216 3588 332 3665 petere,
348 3590 379 3645 et
393 3590 489 3644 terras
504 3589 623 3644 tentare
640 3587 796 3665 repostas3

84 3666 155 3728 Sola
169 3688 290 3745 novum,
306 3667 449 3749 dictuque
464 3668 559 3744 nefas,
576 3667 716 3749 Harpyia
732 3664 862 3728 Celaeno
1074 3683 1122 3734 365

81 3751 258 3834 Prodigium
273 3753 364 3832 canit,
379 3760 411 3815 et
425 3753 525 3816 tristes
540 3752 698 3814 denuntiat
712 3750 783 3830 iras,
