2496 4334
435 313 595 361 Arsames
617 315 682 361 ΗΒ.
706 315 758 362 111.

69 466 232 549 Pergama,
247 468 389 552 reliquias
403 466 543 530 Danaum
558 475 648 550 atque
663 469 782 531 immitis
800 468 930 533 Achilli!

69 550 168 625 Quem
184 553 359 638 sequimur?
383 574 479 635 quove
494 553 538 615 ire
548 554 659 635 jubes?
683 555 733 615 ubi
749 576 859 636 ponere
875 554 986 619 sedes?

68 637 129 716 Da,
145 646 244 720 pater,
260 641 428 720 augurium,
443 644 534 720 atque
550 639 654 700 animis
669 639 790 702 iliabcre
807 642 925 703 nostris.

111 722 175 786 Vix
190 745 227 787 ea
241 725 320 787 fatus
335 745 435 786 eram:
460 730 588 785 tremere
604 724 702 785 omnia
716 725 779 787 visa
794 733 930 809 repente,
1085 745 1117 794 90

67 805 259 892 Liminaque,
273 811 434 891 laurusque
453 808 520 883 dei3
544 815 683 890 totusque
704 811 815 872 moveri

67 891 159 956 Mons
173 894 297 973 circum,
312 901 343 958 et
356 893 471 975 mugire
488 893 586 976 adytis
601 895 715 955 eortina
729 895 863 958 reclusis.

68 974 215 1041 Submissi
230 980 357 1062 petimus
371 985 494 1056 terram,
510 985 541 1040 et
556 1000 613 1039 vox
627 979 724 1040 fertur
739 980 778 1041 ad
793 1001 898 1043 aures:

65 1061 261 1126 Dardanidae
278 1064 355 1142 duri,
371 1084 448 1146 quae
464 1085 516 1125 vos
531 1085 550 1125 a
564 1064 655 1145 stirpe
672 1071 829 1146 parentum

65 1145 171 1211 Prima
185 1150 254 1212 tulit
268 1150 366 1228 tellus,
383 1149 488 1212 eadem
503 1169 553 1211 vos
568 1149 661 1211 ubere
676 1150 755 1211 lacto

64 1230 210 1316 Accipiet
230 1234 373 1297 reduces:
399 1234 551 1316 antiquam
566 1234 713 1315 exquirite
728 1239 864 1297 matrem.

65 1317 128 1380 Hic
144 1318 248 1381 domus
262 1319 386 1382 Aeneae
402 1319 517 1381 cunetis
533 1318 731 1381 dominabitur
746 1319 815 1398 oris,

66 1402 110 1464 Et
123 1404 187 1465 nati
200 1411 348 1484 natorum,
364 1411 395 1466 et
409 1404 460 1487 qui
475 1410 637 1466 nascentur
651 1405 688 1465 ab
703 1405 769 1465 illis.

65 1487 155 1550 Haec
171 1488 329 1552 Phoebus:
353 1490 504 1571 mixtoque
520 1489 626 1570 ingens
641 1496 745 1551 exorta
759 1491 888 1552 tumultu

65 1571 216 1650 Laetitia3
240 1581 271 1636 et
286 1575 398 1653 cuncti,
413 1595 490 1656 quae
507 1574 566 1636 sint
581 1595 618 1635 ea
632 1575 759 1652 moenia,
777 1582 943 1656 quaerunt3

66 1656 134 1730 Quo
149 1658 288 1723 Phoebus
303 1665 391 1722 vocet
406 1666 551 1736 errantes,
562 1659 729 1742 jubeatque
744 1661 866 1722 reverti.

64 1742 144 1805 Tum
159 1745 286 1826 genitor,
301 1750 438 1807 veterum
452 1745 573 1807 volvens
593 1752 784 1807 monumenta
799 1745 939 1826 virorum,

63 1827 195 1906 Audite,
210 1851 227 1893 ο
241 1850 391 1912 proceres,
406 1831 459 1908 ait,
474 1837 506 1892 et
520 1851 588 1912 spes
608 1829 713 1891 discite
729 1836 855 1893 vestras.

66 1912 161 1977 Creta
175 1915 197 1977 J
197 1915 259 1977 ovis
273 1916 375 1997 magni
388 1915 580 1998 medio'jacct
594 1915 691 1976 insula
706 1921 796 1997 ponto
810 1936 818 1992 ;

64 1997 156 2062 Mons
170 1999 281 2063 Idaeus
295 2001 357 2079 ubi,
372 2007 404 2062 et
418 2001 516 2082 gentis
529 2001 677 2062 cunabula
691 2007 820 2063 nostrae.

66 2083 198 2147 Centum
212 2086 300 2148 urbes
315 2086 451 2148 habitant
464 2107 599 2168 magnas,
614 2085 765 2147 uberrima
779 2107 895 2168 regna:

63 2169 217 2254 Maximus
232 2171 311 2234 unde
327 2179 424 2254 pater,
436 2171 460 2233 si
476 2172 532 2234 rite
545 2171 648 2233 audita
659 2171 811 2249 recordor,

64 2255 201 2318 Teucrus
216 2256 367 2320 Rhoeteas
382 2257 508 2340 primum
523 2263 570 2318 est
585 2256 728 2318 advectus
744 2257 783 2318 ad
798 2278 876 2336 oras,

67 2338 251 2423 Optavitque
265 2343 362 2405 locum
378 2363 480 2424 reguo.
526 2342 669 2404 Nondum
684 2341 773 2402 Ilium
788 2349 820 2404 et
834 2363 919 2406 arces

64 2425 252 2508 Pergameae
267 2434 415 2490 steterant
428 2447 435 2502 3
458 2427 633 2489 habitabant
648 2427 771 2488 vallibus
787 2428 862 2489 imis

64 2511 149 2573 Hinc
164 2518 260 2574 mater
275 2513 383 2574 cultrix
395 2513 539 2596 Cybelae,
556 2512 797 2595 Corybantiaque
816 2533 898 2592 aera,

64 2597 252 2680 Idaeumque
268 2619 390 2674 nemus;
411 2598 480 2660 hinc
496 2598 557 2660 fida
573 2597 690 2659 silentia
710 2597 813 2676 sacris,

65 2682 108 2744 Et
117 2683 218 2765 juncti
232 2704 354 2745 currum
369 2683 504 2746 dominae
519 2683 636 2744 subiere
654 2683 765 2744 leones.

65 2768 150 2850 Ergo
164 2768 256 2850 agite,
271 2774 313 2847 et,
328 2768 429 2830 divum
444 2768 558 2830 ducunt
573 2788 632 2850 qua
641 2768 738 2849 jussa,
760 2787 938 2848 sequamur:

65 2853 226 2916 Placemus
240 2860 356 2932 ventos,
371 2860 402 2916 et
418 2853 530 2916 Gnosia
544 2873 638 2934 regna
652 2859 799 2933 potamus.

65 2937 136 3000 Nee
150 2939 239 3020 longo
255 2938 367 3001 distant
381 2960 471 3001 cursu
485 2959 492 3013 3
515 2938 601 3000 modo
616 2937 738 3018 Jupiter
753 2936 842 3016 adsit,

66 3023 170 3086 Tertia
183 3024 236 3085 lux
251 3025 376 3086 classem
392 3022 527 3086 Cretaeis
542 3024 628 3086 sistet
641 3023 673 3083 in
687 3023 756 3083 oris.

68 3107 120 3170 Sic
136 3109 226 3186 fatus,
241 3109 362 3171 meritos
376 3110 435 3171 aris
450 3110 593 3171 mactavit
606 3108 752 3169 honores:

67 3194 201 3256 Taurum
216 3194 371 3276 Neptuno,
385 3201 505 3256 taurum
520 3194 584 3271 tibi,
599 3192 724 3274 pulcher
738 3190 858 3272 Apollo,

66 3279 197 3360 Nigram
212 3279 314 3341 Hiemi
330 3279 487 3361 pecudem,
503 3277 647 3361 Zephyris
662 3277 797 3339 felicibus
815 3277 923 3340 albam.

110 3364 206 3426 Fama
221 3365 312 3441 volat,
327 3365 445 3446 pulsum
460 3364 560 3445 regnis
576 3363 700 3425 cessisse
715 3361 848 3444 paternis

67 3449 232 3512 Idomenea
247 3449 366 3527 ducem,
383 3448 562 3530 desertaque
577 3448 665 3510 litora
686 3446 795 3509 Cretae
808 3466 816 3521 ;

67 3533 167 3596 Hoste
182 3554 291 3596 vacare
308 3534 420 3612 domos,
435 3533 581 3615 sedesque
597 3533 716 3594 adstare
731 3532 861 3593 relictas.

68 3618 245 3700 Linquimus
262 3616 409 3701 Ortygiae
424 3625 537 3700 portus,
553 3619 718 3699 pelagoque
735 3617 879 3692 volamus,

69 3702 315 3785 Bacchatamque
326 3704 408 3786 jugis
424 3703 544 3782 Naxon,
559 3703 743 3783 viridemque
760 3700 925 3777 Donusam,

71 3787 214 3869 Olearon,
229 3788 407 3871 niveamque
422 3789 533 3868 Paron,
548 3806 725 3872 sparsasque
741 3805 795 3869 per
811 3804 923 3866 aequor
