2496 4334
450 273 611 322 ssnnmos
633 274 699 320 mn
722 274 784 320 ιιιι.
1074 250 1138 316 327

96 429 216 493 Haeret
230 428 351 507 hians,'
337 450 402 511 Jam
411 427 536 511 jamque
551 434 636 491 ttene
638 427 823 511 ,similisque
838 425 954 490 tenenti

97 514 254 598 Increpuit
243 453 364 591 tmalis,
379 533 538 595 morsuque
555 514 677 576 elusus
669 513 750 575 mani
765 519 821 575 est.
1092 530 1140 578 755

97 598 176 662 Tum
190 620 261 663 vero
277 600 371 662 exorit
371 621 408 660 ur
422 599 581 677 clamor,
558 619 700 681 ripaeque
716 600 859 681 lacusque

98 685 289 767 Responsant
304 685 442 762 circa,et
411 684 573 746 etcoelum
588 689 672 746 tonat
684 689 799 746 omnet
786 683 916 746 ttuumul
896 703 927 743 ιι.

98 769 156 832 Ille
172 769 258 831 simul
272 769 391 852 fugiens
408 768 536 831 Rutulos
552 769 639 831 simul
652 769 790 850 increpat
804 788 917 845 omnes,

99 853 229 916 Nomine
245 875 393 936 quemque
409 873 530 931 vocans,
544 860 706 935 notumque
722 854 867 935 efflagitat
882 874 995 916 ensem.

98 939 222 1002 Aeneas
237 945 362 1001 mortem
377 945 481 1001 contra
495 959 697 1021 praesensque
712 939 843 1001 minatur

100 1023 246 1103 Exitium,
260 1024 286 1086 si
301 1024 457 1106 quisquam
472 1023 572 1102 adeat,
588 1029 741 1105 terretque
757 1029 930 1102 trementes,

101 1109 281 1171 Excisurum
295 1110 399 1171 urbem
413 1109 564 1187 minitans,
580 1115 612 1170 et
626 1109 745 1171 saucius
760 1108 862 1172 instat.

102 1192 241 1276 Quinque
256 1194 342 1256 orbes
358 1194 479 1276 explent
495 1214 595 1272 cursu,
610 1193 794 1275 totidemque
809 1197 951 1256 retexunt

101 1279 174 1341 Huc
190 1280 259 1342 illuc
273 1302 280 1342 ι
304 1299 402 1362 neque
418 1279 497 1340 enim
511 1279 657 1352 leviaaut
669 1279 786 1342 ludicra
800 1285 945 1362 petuntur

95 1364 252 1443 Praemia,
268 1364 321 1427 sed
336 1363 429 1426 Turni
445 1364 483 1426 de
498 1364 561 1426 vita
576 1369 608 1426 et
622 1364 766 1446 sanguine
783 1370 911 1427 certant.

101 1449 193 1511 Forte
208 1469 294 1512 sacer
308 1449 413 1511 Fauno
426 1449 503 1511 soliis
519 1450 647 1511 oleaster
662 1450 770 1512 amaris

102 1534 163 1596 Hic
179 1540 316 1613 steterat,
332 1534 431 1596 nautis
446 1535 514 1597 olim
529 1535 697 1597 venerabile
712 1535 839 1616 lignum,

105 1618 214 1682 Servat
214 1620 225 1681 i
202 1626 277 1682 tex
289 1619 442 1681 undisubi
456 1620 549 1702 figere
565 1619 644 1682 dona
658 1620 793 1682 solebant

103 1703 248 1766 Laurenti
262 1704 376 1767 divot
345 1710 376 1766 et
391 1711 474 1767 votas
489 1704 672 1787 suspendere
687 1711 809 1781 vestes3

104 1787 210 1851 Sedt
182 1796 210 1851 st
210 1789 305 1872 irpem
319 1788 428 1852 Teucri
442 1791 523 1852 nullo
538 1789 705 1853 discrimine
721 1811 839 1853 sacrum

105 1871 295 1937 sustulerant
297 1895 394 1957 ,puro
409 1881 443 1936 ut
458 1880 578 1957 possent
593 1896 770 1938 concurrere
786 1896 902 1958 campo.

102 1958 164 2021 Hic
179 1959 266 2022 hasta
280 1923 404 2022 Aeneae
420 1960 539 2035 stabat3
561 1961 643 2022 huc
635 1982 714 2044 impe
715 1967 764 2023 tus
715 1961 888 2023 tillam

102 2044 263 2108 Detulerat
250 2051 273 2124 t,
288 2047 378 2107 fixam
394 2051 424 2107 et
411 2044 501 2107 tlent
488 2051 520 2108 ta
534 2045 565 2107 in
579 2045 681 2108 radice
697 2046 828 2108 tenebat.

102 2129 246 2192 Incubuit
261 2130 411 2213 voluitque
426 2151 518 2193 manu
533 2131 700 2193 convellere
715 2132 828 2193 ferrum

102 2214 304 2294 Dardanides,
320 2217 438 2297 teloque
454 2216 549 2298 sequi,
565 2237 655 2298 quem
669 2216 817 2299 prendere
833 2236 924 2278 cursu

102 2300 135 2361 N
136 2322 174 2362 on
190 2306 317 2383 poterat.
363 2301 440 2363 Tum
455 2322 526 2364 vero
542 2322 644 2364 amens
658 2302 815 2364 formidine
832 2301 951 2364 Turnus

101 2385 219 2463 Fauno,
234 2406 350 2469 precor,
365 2386 518 2465 miserore,
533 2386 641 2468 inquit,
656 2393 750 2469 tuque
765 2387 879 2470 optima
892 2387 1006 2448 serrum

102 2471 198 2533 Terra
213 2477 294 2550 tene,
309 2470 387 2533 colui
401 2477 515 2534 vestros
530 2472 555 2533 si
572 2492 690 2554 semper
704 2473 842 2551 honores,

103 2555 185 2627 Quos
201 2563 305 2619 eontra
320 2555 482 2618 Aeneadae
498 2557 575 2618 bello
589 2557 690 2620 secere
705 2557 855 2640 profanos.

102 2640 199 2719 Dixit,
214 2662 359 2724 opemque
375 2641 424 2703 dei
438 2662 498 2703 non
513 2662 598 2704 cassa
611 2642 643 2703 in
657 2650 728 2706 vota
742 2643 869 2705 vocavit.

101 2726 244 2808 Namque
261 2727 313 2788 diu
327 2728 445 2788 luctans
460 2727 600 2808 lentoque
615 2726 647 2788 in
661 2728 753 2810 stirpe
768 2735 913 2806 moratus,

102 2811 227 2874 Viribus
241 2812 323 2874 haud
337 2812 404 2874 ullis
419 2812 513 2874 valuit
528 2811 696 2875 discludere
710 2833 825 2875 morsus

101 2897 229 2959 Roboris
243 2898 376 2959 Aeneas.
421 2897 502 2958 Dum
517 2897 623 2960 nititur
638 2918 708 2960 acer
723 2905 754 2960 et
767 2897 871 2977 instat,

101 2982 220 3044 Rursus
233 2982 264 3044 in
280 2982 401 3064 aurigae
417 2983 524 3044 faciem
538 2988 653 3044 mutata
667 2982 788 3045 Metisci

101 3067 269 3145 Procurrit,
284 3067 430 3148 fratrique
446 3088 548 3130 ensem
566 3066 623 3129 dea
638 3067 759 3129 Daunia
772 3066 882 3129 reddit.

102 3151 192 3225 Quod
207 3152 313 3214 Venus
329 3152 436 3214 audaci
450 3151 612 3236 Nymphae
626 3152 782 3234 indignata
796 3152 900 3230 licere,

100 3237 254 3314 Accessit,
270 3238 422 3319 telumque
439 3239 500 3300 alta
515 3238 552 3299 ab
567 3236 669 3300 radice
684 3237 813 3300 revellit.

104 3322 166 3384 Olli
181 3322 331 3399 sublimes,
347 3322 437 3384 armis
452 3323 616 3405 animisque
631 3324 750 3402 refecti,

102 3408 166 3472 Hic
182 3406 281 3488 gladio
295 3408 402 3486 fidens,
417 3407 465 3469 hic
481 3428 552 3470 acer
567 3415 599 3470 et
613 3409 725 3471 arduus
739 3409 837 3487 hasta,

102 3492 267 3557 Adsistunt
281 3499 350 3554 cont
350 3514 385 3555 ra
337 3493 562 3555 tcertamine
578 3493 686 3556 Martis
702 3495 811 3556 anheli.

147 3577 170 3639 J
171 3599 299 3639 unonem
313 3579 429 3640 interea
443 3600 498 3640 rex
512 3578 702 3660 omnipotent
695 3600 720 3641 is
737 3577 859 3662 Olympi

103 3663 290 3760 Alloquitur,
305 3664 389 3725 fulva
403 3684 519 3745 pugnas
534 3663 572 3726 de
586 3664 694 3726 nubet
681 3670 835 3725 t:uentem

103 3747 215 3830 QuaeJ'
218 3768 265 3809 am
280 3749 346 3812 finis
361 3748 419 3811 erit
421 3747 579 3833 ,conjuxl
602 3749 675 3830 quid
690 3748 819 3830 denique
835 3741 956 3810 restat.
