2496 4334
103 263 165 329 178
304 264 309 280 ⁸
435 284 464 329 r.
489 283 631 329 vinorum
653 282 797 330 annosis

102 434 246 518 Princeps
262 442 331 498 ante
346 456 448 498 omnes
463 436 588 498 densum
603 437 763 499 Palinurus
779 440 889 521 agebat

101 519 243 600 Agmen:
269 521 307 582 ad
323 522 402 583 huno
418 522 468 583 alii
483 542 603 584 cursum
618 523 798 585 contendere
809 524 895 606 jussi.

101 604 232 687 Jamque
247 605 310 668 fere
327 607 455 668 mediam
470 607 545 668 coeli
559 628 617 669 nox
630 606 752 669 humida
767 616 878 671 metam

103 688 278 771 Contigerat
292 711 299 765 ;
323 691 441 773 placida
454 691 596 754 laxabant
609 692 742 754 membra
756 694 857 774 quiete

104 772 166 836 Sub
182 775 271 837 remis
285 776 345 838 fusi
359 797 414 858 per
430 775 506 838 dura
520 777 625 838 sedilia
639 783 749 838 nautae
764 800 771 839 :

102 857 202 931 Quum
215 860 290 922 levis
305 861 445 923 aetheriis
460 861 599 943 delapsus
619 859 745 923 Somnus
761 862 797 923 ab
816 863 904 926 astris

101 943 187 1006 Ae'ra
201 945 324 1007 dimovit
338 947 528 1008 tenebrosum
543 953 574 1008 et
589 946 709 1028 dispulit
724 947 854 1026 umbras,

101 1030 156 1107 Te,
173 1029 325 1109 Palinure,
341 1037 457 1111 petens,
473 1031 526 1093 tibi
541 1032 653 1094 somnia
668 1032 763 1093 tristia
778 1038 898 1114 portans

101 1113 237 1190 Iasonti;
261 1116 411 1197 puppique
427 1116 501 1178 deus
517 1117 650 1179 consedit
663 1117 694 1177 in
710 1118 781 1194 alta,

101 1199 265 1262 Phorbanti
280 1201 391 1278 similia,
406 1201 564 1283 funditque
578 1202 633 1263 has
648 1222 698 1263 ore
712 1203 867 1283 loquelas:

101 1285 201 1347 Iaside
218 1286 370 1364 Palinure,
385 1286 487 1348 ferum
501 1287 565 1368 ipsa
581 1307 711 1368 aequora
726 1288 862 1366 classem,

100 1369 260 1453 Aequatae
275 1372 389 1454 spirant
403 1391 505 1450 aurae,
521 1372 610 1434 datur
623 1373 697 1434 hora
711 1372 804 1453 quieti
817 1395 824 1435 :

101 1456 183 1518 Pone
199 1463 300 1538 caput,
315 1456 467 1539 fessosque
482 1458 581 1519 oculos
596 1457 697 1518 furare
712 1457 806 1519 labori
819 1478 827 1533 ;

101 1539 171 1622 Ipse
187 1561 243 1623 ego
258 1542 420 1623 paullisper
434 1562 487 1624 pro
502 1548 532 1604 te
547 1549 600 1604 tua
613 1563 739 1604 munera
752 1542 841 1604 inibe.

102 1624 159 1688 Cui
174 1626 223 1688 vix
238 1627 376 1689 attollens
390 1627 550 1689 Palinurus
564 1627 677 1690 lumina
691 1629 791 1689 fatur:

101 1710 192 1773 Mene
208 1711 277 1773 salis
293 1712 402 1793 placidi
417 1713 533 1775 vultum
546 1714 713 1794 fluctusque
729 1713 845 1795 quietos

100 1795 245 1878 Ignorare
256 1796 368 1880 jubes?
390 1819 476 1859 mene
492 1798 561 1860 huio
579 1798 730 1860 confidere
745 1796 901 1860 monstro?

99 1881 228 1944 Aenean
244 1883 365 1945 credam
379 1883 451 1965 quid
466 1884 545 1945 enim
559 1884 712 1945 fallacibus
728 1883 818 1961 auris,

100 1965 143 2028 Et
157 1968 232 2031 coeli
247 1969 333 2030 toties
349 1969 493 2050 deceptus
508 1969 614 2030 fraude
629 1967 752 2030 sereni?

100 2052 184 2116 Talia
200 2053 281 2116 dicta
296 2053 397 2132 dabat,
413 2055 589 2136 clavumque
605 2055 708 2117 affixus
723 2060 754 2116 et
773 2054 900 2116 haerens

99 2137 258 2222 Nusquam
273 2140 438 2215 amittebat,
453 2140 612 2221 oculosque
627 2140 682 2201 sub
697 2146 778 2202 astra
792 2140 924 2201 tenebat.

100 2223 181 2286 Ecce
198 2225 272 2286 deus
287 2245 402 2286 ramum
417 2223 549 2285 Lethaeo
564 2245 631 2286 rore
645 2225 826 2302 madentem,

99 2309 200 2390 Vique
216 2315 385 2391 soporatum
402 2308 519 2391 Stygia,
536 2330 626 2390 super
639 2316 766 2391 utraque
781 2315 903 2391 quassat

99 2393 246 2476 Tempora
259 2415 266 2470 ;
291 2395 503 2476 cunctantique
519 2395 654 2456 natantia
667 2395 779 2457 lumina
794 2396 891 2457 solvit.

99 2479 161 2541 Vix
176 2480 284 2562 primos
298 2480 417 2561 inopina
432 2480 515 2562 quies
529 2481 684 2542 laxaverat
699 2487 781 2542 artus
794 2501 802 2555 ;

100 2564 141 2625 Et
156 2566 443 2646 superincumbens,
459 2586 528 2626 oum
542 2566 649 2647 puppis
664 2572 748 2647 parte
764 2565 884 2627 revulsa

100 2648 235 2732 Cumque
251 2651 443 2731 gubernaclo,
459 2650 586 2732 liquidas
602 2651 728 2733 projecit
742 2650 773 2712 in
788 2650 884 2712 undas
920 2674 924 2681 ·

98 2734 309 2816 Praecipitem,
325 2756 360 2797 ac
376 2735 469 2797 socios
484 2735 687 2818 nequidquam
701 2757 790 2818 saepe
807 2741 972 2798 vocantem.

4 2816 6 2821 ’
98 2818 168 2900 Ipse
184 2821 286 2882 volans
301 2826 407 2882 tenues
422 2841 453 2882 se
470 2821 589 2882 sustulit
604 2822 665 2882 ales
680 2821 719 2882 ad
734 2841 832 2882 auras.

78 2974 82 2983 .
100 2902 202 2965 Currit
215 2906 274 2966 iter
289 2911 387 2966 tutum
401 2927 461 2966 non
477 2905 574 2967 secius
590 2926 718 2987 aequore
735 2907 848 2984 classis,

97 2988 312 3071 Promissisque
328 2990 420 3072 patris
436 2989 571 3072 Neptuni
586 2990 723 3052 interrita
736 2992 843 3052 fertur.

97 3074 227 3156 Jamque
244 3075 319 3138 adeo
334 3077 471 3158 scopulos
489 3075 627 3138 Sirenum
640 3075 770 3139 advecta
784 3076 902 3138 subibat
915 3095 923 3150 ;

97 3159 240 3222 Difficiles
256 3161 415 3243 quondam,
430 3161 649 3242 multorumque
665 3160 778 3223 ossibus
794 3162 874 3223 albos
888 3181 896 3237 ;

97 3243 174 3306 Tum
190 3266 283 3308 rauca
298 3246 421 3307 adsiduo
436 3247 524 3327 longe
539 3247 600 3308 sale
616 3265 688 3307 saxa
703 3247 867 3308 sonabant:

98 3328 199 3402 Quum
213 3340 301 3413 pater
314 3331 421 3392 amisso
435 3331 601 3393 fluitantem
616 3351 717 3392 errare
732 3332 874 3413 magistro

99 3414 210 3494 Sensit,
226 3417 334 3498 etipse
350 3421 445 3477 ratem
460 3416 612 3477 nocturnis
627 3416 705 3478 rexit
720 3416 751 3477 in
767 3418 866 3494 undis,

96 3501 196 3563 Multa
211 3522 344 3583 gemens,
360 3521 490 3582 casuque
507 3501 636 3562 ammum
651 3522 811 3564 concussus
826 3501 922 3564 amici.

98 3584 124 3648 Ο
140 3587 261 3648 nimium
277 3587 358 3649 coelo
374 3593 405 3647 et
420 3587 525 3667 pelago
541 3587 649 3648 confise
665 3607 781 3665 sereno,

97 3670 206 3735 Nudus
220 3673 251 3733 in
265 3673 378 3755 ignota,
394 3671 546 3750 Palinure,
557 3671 672 3754 jacebis
687 3671 799 3735 arena!
