2496 4334
460 272 622 344 erumnas
644 299 709 345 nra.
736 301 783 347 ur.
1085 290 1148 354 253

108 451 313 535 Ingentesque
329 456 434 515 tenent
447 452 552 531 fossas,
565 457 596 514 et
610 452 742 515 turribus
754 453 821 516 altis
1099 479 1147 527 470

111 536 201 600 Stant
215 538 320 600 maesti
334 557 342 613 ;
365 538 452 598 simul
463 558 519 599 ora
534 538 629 598 virum
644 539 777 619 praefixa
791 538 960 619 movebant,

109 621 192 684 Nota
206 623 293 684 nimis
306 622 421 684 miseris
437 628 561 703 atroque
576 623 699 684 fluentia
714 624 794 685 tabo.

153 707 276 769 Interea
290 706 430 788 pavidam
444 707 570 768 volitans
584 714 716 788 pennata
730 729 784 790 per
799 709 903 770 urbem

109 791 227 853 Nuntia
241 793 335 853 Fama
349 792 421 867 ruit,
436 791 599 872 matrisque
614 792 752 853 allabitur
767 813 855 855 aures

110 875 248 958 Euryali.
294 876 340 937 At
354 875 469 936 subitus
483 876 609 936 miserae
625 877 705 937 calor
720 898 786 939 ossa
800 877 921 960 reliquit
934 897 942 952 ;

109 960 237 1022 Excussi
252 960 386 1021 manibus
402 959 477 1020 radii
492 961 686 1041 revolutaque
698 983 800 1043 pensa.

109 1044 218 1106 Evolat
232 1045 345 1122 infelix,
362 1051 393 1105 et
407 1044 534 1106 femineo
546 1046 672 1122 ululatu,

111 1127 211 1190 Scissa
226 1150 350 1206 comam,
362 1149 461 1190 muros
476 1149 578 1190 amens
593 1136 684 1210 atque
700 1130 820 1211 agmina
831 1151 921 1192 cursu

109 1212 212 1274 Prima
226 1214 312 1295 petit,
327 1234 387 1274 non
401 1214 451 1274 illa
466 1213 573 1291 virum,
588 1235 648 1275 non
663 1215 713 1275 illa
728 1215 831 1296 pericli

108 1296 307 1379 Telorumque
322 1318 435 1358 memor
448 1317 456 1372 ;
480 1298 594 1358 coelum
609 1298 715 1360 dehinc
732 1300 885 1380 questibus
895 1300 1016 1382 implet:

107 1381 200 1444 Hunc
216 1403 272 1462 ego
287 1388 330 1459 te,
346 1382 490 1464 Euryale,
503 1377 634 1462 adspicio
648 1382 660 1443 ‘l
683 1390 755 1444 tune
769 1384 818 1445 ille
834 1392 973 1446 senectae

109 1465 186 1528 Sera
201 1487 286 1528 meae
301 1467 430 1547 requies,
446 1466 568 1548 potuisti
582 1467 716 1549 linquere
732 1468 824 1530 solam

108 1550 273 1612 Crudelis?
294 1571 350 1612 nec
366 1557 408 1628 te,
424 1551 479 1613 sub
494 1557 579 1612 tanta
592 1553 726 1632 pericula
740 1552 872 1632 missum,

105 1634 204 1697 Affari
219 1641 384 1696 extremum
398 1636 524 1697 miserae
540 1635 612 1697 data
627 1637 711 1718 copia
722 1637 834 1699 matri?
870 1703 872 1706 ,

106 1718 191 1797 Heu,
205 1726 288 1781 terra
302 1719 405 1800 ignota
419 1720 541 1782 canibus
557 1719 626 1781 date
642 1721 755 1802 praeda
770 1722 885 1784 Latinis

105 1803 298 1886 Alitibusqne
309 1803 414 1887 jaces!
437 1826 493 1867 nec
509 1811 540 1866 te
555 1804 586 1865 in
601 1812 654 1866 tua
668 1806 776 1868 funera
789 1813 887 1869 mater

106 1886 251 1967 Produxi,
266 1889 398 1971 pressive
413 1890 524 1967 oculos,
541 1895 593 1951 aut
608 1891 732 1952 vulnera
746 1892 816 1971 lavi,

106 1971 202 2036 Veste
218 1980 335 2054 tegens,
347 1974 400 2034 tibi
416 1995 506 2056 quam
519 1981 623 2036 noctes
637 1974 746 2037 festina
761 1977 884 2058 diesque

105 2057 261 2138 Urgebam
275 2065 306 2119 et
321 2059 382 2120 tela
397 2079 484 2120 curas
499 2059 614 2120 solabar
626 2060 728 2121 aniles.

106 2141 172 2215 Quo
187 2163 307 2224 sequar,
320 2149 372 2204 aut
388 2163 464 2225 quae
480 2163 559 2204 nunc
575 2150 657 2205 artus
673 2145 834 2225 avulsaque
849 2144 984 2207 membra

105 2226 147 2288 Et
158 2227 247 2288 funus
261 2228 394 2289 lacerum
409 2229 496 2288 tellus
511 2227 628 2289 habet?
673 2229 740 2291 Hoc
756 2229 828 2290 mihi
842 2229 881 2290 de
896 2234 938 2303 te,

105 2311 199 2389 Nate,
211 2311 331 2374 refers?
354 2312 410 2373 hoc
425 2333 490 2373 sum
506 2318 645 2393 terraque
660 2314 794 2395 marique
810 2312 939 2376 secuta?

104 2395 203 2476 Figite
219 2417 278 2473 me,
294 2396 318 2458 si
334 2416 394 2476 qua
408 2402 455 2457 est
469 2397 581 2477 pietas3
604 2397 635 2457 in
649 2417 696 2457 me
712 2399 809 2459 omnia
823 2398 886 2459 tela

106 2479 263 2562 Oonjicite,
281 2501 298 2542 o
313 2480 418 2541 Rutuli
431 2500 440 2555 ;
462 2501 510 2542 me
525 2481 650 2562 primam
665 2481 810 2542 absumite
825 2481 927 2557 ferro;

103 2565 171 2626 Aut
185 2571 229 2641 tu,
244 2585 352 2646 magne
368 2570 454 2647 pater
469 2564 581 2642 divum,
593 2565 746 2643 miserere,
758 2573 870 2647 tuoque

104 2648 239 2711 Invisum
253 2649 309 2710 hoc
324 2649 451 2710 detrude
467 2655 557 2730 caput
571 2649 626 2712 sub
642 2650 769 2712 Tartara
780 2651 851 2728 telo,

104 2732 231 2805 Quando
246 2734 333 2795 aliter
346 2734 464 2814 nequeo
479 2732 631 2795 crudelem
646 2735 823 2817 abrumpere
838 2735 940 2798 vitam.

103 2817 172 2880 Hoc
187 2819 259 2879 fletu
274 2819 409 2880 concussi
425 2817 524 2894 animi,
539 2825 730 2901 maestusque
747 2840 800 2901 per
814 2840 915 2881 omnes

102 2902 135 2963 It
150 2903 277 2982 gemitus
291 2922 299 2976 3
322 2909 443 2984 torpent
456 2902 601 2964 infractae
617 2903 656 2965 ad
672 2904 784 2985 proelia
798 2904 887 2966 vires.

103 2986 191 3048 Illam
206 2986 416 3048 incendentem
432 2987 530 3047 luctus
546 2986 657 3048 Idaeus
673 2994 704 3048 et
715 2987 823 3065 Actor,

102 3069 209 3131 Ilionei
225 3071 338 3131 monitu
353 3076 385 3131 et
399 3070 525 3131 multum
539 3071 732 3152 lacrymantis
747 3072 817 3148 Iuli,

103 3153 275 3234 Corripiunt
288 3155 426 3235 interque
441 3175 546 3215 manus
561 3155 615 3216 sub
630 3161 713 3216 tecta
727 3160 884 3237 reponunt.

144 3236 191 3298 At
205 3238 278 3300 tuba
292 3238 455 3299 terribilem
470 3239 598 3300 sonitum
611 3241 716 3321 procul
731 3260 800 3308 aere
816 3260 923 3302 canoro

101 3319 258 3403 Increpuit
271 3341 279 3397 ;
302 3322 438 3403 sequitur
453 3323 573 3400 clamor,
586 3324 760 3406 coelumque
772 3325 912 3405 remugit.

100 3405 286 3467 Accelerant
300 3412 368 3467 acta
382 3406 496 3487 pariter
510 3407 660 3468 testudine
675 3407 790 3486 Volsci,

100 3488 143 3550 Et
156 3490 251 3551 fossas
265 3490 388 3572 implere
404 3497 512 3570 parant
526 3511 561 3552 ac
577 3493 688 3553 vellere
703 3493 815 3554 vallum
828 3513 837 3568 ;

100 3572 258 3645 Quaerunt
272 3594 341 3656 pars
357 3574 481 3651 aditam,
494 3581 525 3636 et
539 3576 626 3637 scalis
643 3576 826 3638 adscendere
841 3596 952 3652 muros,

99 3656 168 3727 Qua
182 3678 253 3719 rara
267 3664 312 3720 est
327 3659 418 3735 acies,
430 3659 650 3740 interlucetque
663 3680 772 3722 corona

97 3740 132 3802 N
133 3761 171 3802 on
184 3748 247 3803 tam
261 3742 355 3824 spissa
370 3743 481 3886 viris.22
495 3744 635 3805 Telorum
650 3744 802 3806 effundere
819 3749 923 3806 contra
