2496 4334
134 261 198 324 266
474 278 503 323 r.
527 276 668 324 rursum
690 274 834 323 usnours

134 428 157 492 J
157 427 244 511 ungit
259 447 340 511 opas,
355 426 519 510 foedusque
534 428 623 504 ferit3
645 433 711 490 tum
723 428 819 490 libera
832 427 888 490 fati

137 512 271 576 Classem
287 512 459 575 conscendit
468 513 560 595 jussis
574 534 648 594 gens
664 513 763 595 Lydia
778 513 890 592 divum,

136 598 271 661 Externo
286 597 441 660 commissa
455 597 534 660 duci.
579 597 699 659 Aeneia
713 598 821 680 puppis
841 596 844 601 ’

136 682 239 745 Prima
252 688 348 760 tenet,
362 688 458 744 r'ostro
473 682 621 765 Phrygios
635 682 794 764 subjuncta
807 682 928 756 leones;

136 766 276 829 Imminet
291 766 349 828 Ida
362 786 464 849 super,
478 767 611 849 profugis
626 767 795 848 gratissima
809 764 943 828 Teucris.

136 851 198 913 Hic
213 871 339 932 magnus
353 851 440 913 sedet
453 851 586 929 Aeneas,
602 871 762 933 secumque
778 853 894 913 volutat

137 935 272 997 Eventus
286 936 357 997 belli
371 936 488 1011 varios3
511 936 671 1016 Pallasque
686 935 804 998 sinistro

135 1019 253 1082 Affixus
267 1020 355 1082 lateri
365 1021 430 1103 jam
444 1021 563 1102 quaerit
577 1020 687 1098 sidera,
699 1040 810 1102 opacae

137 1102 244 1166 Noctis
258 1103 326 1182 iter,
336 1105 401 1186 jam
416 1125 493 1186 quae
509 1125 613 1187 passus
624 1109 766 1186 terraque
781 1102 927 1185 marique.

180 1187 307 1250 Pandite
322 1209 401 1250 nuuc
417 1189 575 1266 Helicona,
592 1187 678 1265 deae,
693 1194 858 1270 cantusque
873 1193 1003 1266 movete,

138 1270 223 1344 Quae
238 1293 344 1334 manus
358 1273 474 1335 interea
490 1272 595 1335 Tuscis
609 1272 767 1334 comitetur
782 1273 819 1334 ab
834 1272 893 1335 oris

136 1356 276 1434 Aenean,
291 1363 445 1439 armetque
460 1364 552 1435 rates,
566 1357 732 1439 pelagoque
748 1357 885 1420 vehatur.

180 1441 327 1504 Massicus
342 1448 445 1503 aerata
459 1441 597 1524 princeps
613 1448 696 1503 secat
711 1462 842 1524 aequora
856 1439 940 1522 Tigri
952 1460 961 1517 3

139 1524 202 1587 Sub
218 1546 276 1608 quo
290 1525 369 1587 mille
384 1547 490 1588 manus
500 1527 657 1609 juvenum,
673 1526 724 1607 qui
737 1526 855 1589 moenia
871 1525 965 1604 Clusi,

138 1608 256 1691 Quique
270 1610 375 1672 urbem
389 1610 503 1692 liquere
520 1609 612 1673 Cosas
625 1630 633 1686 ;
655 1610 721 1691 quis
736 1611 797 1673 tela
811 1610 939 1692 sagittae

138 1693 305 1777 Gorytiqne
319 1695 402 1757 leves
415 1695 546 1758 humeris
561 1701 593 1757 et
606 1694 706 1757 letifer
721 1714 819 1757 arcus.

137 1776 210 1847 Una
223 1784 325 1842 torvus
340 1778 444 1842 Abas:
468 1779 537 1842 huic
553 1785 648 1842 totum
662 1779 826 1862 insignibus
841 1778 930 1841 armis

135 1863 259 1944 Agauen
274 1870 305 1926 et
320 1869 424 1926 aurato
438 1864 574 1946 fulgebat
588 1863 730 1946 Apolline
744 1864 862 1947 puppis.

138 1945 302 2010 Sescentos
317 1948 360 2010 illi
374 1948 500 2010 dederat
514 1949 680 2031 Populonia
691 1956 789 2011 mater

137 2031 286 2115 Expertus
299 2032 370 2095 belli
379 2033 529 2116 juvenes;
550 2039 597 2096 ast
611 2033 679 2096 Ilva
693 2038 844 2097 trecentos

77 2183 79 2187 ,
136 2116 251 2195 Insula,
261 2116 445 2180 inexhaustis
461 2117 628 2200 Chalybum
643 2138 788 2200 generosa
801 2117 940 2180 metallis.

136 2200 267 2280 Tertius,
277 2202 327 2263 ille
342 2201 493 2264 hominum
508 2202 668 2285 divumque
683 2202 832 2286 interpres
846 2200 960 2281 Asilas,

137 2284 194 2347 Cui
210 2285 358 2367 pecudum
372 2287 477 2365 fibrae,
489 2286 563 2348 coeli
579 2287 628 2349 cui
642 2287 743 2349 sidera
755 2292 874 2370 parent,

137 2368 178 2430 Et
192 2370 310 2451 hnguae
326 2371 491 2450 volucrum,
507 2376 539 2434 et
552 2372 690 2454 praesagi
704 2371 836 2433 fulminis
850 2371 947 2453 ignes,

135 2453 221 2516 Mille
236 2455 315 2537 rapit
329 2454 437 2518 densos
453 2457 517 2519 acie
533 2463 624 2539 atque
638 2456 827 2519 horrentibus
841 2456 945 2518 hastis.

136 2539 202 2601 Hos
217 2560 322 2621 parere
333 2541 443 2623 jubent
454 2540 591 2622 Alpheae
608 2541 645 2602 ab
660 2541 776 2622 origine
792 2540 893 2618 Pisae,

136 2623 218 2686 Urbs
234 2623 364 2687 Etrusca
378 2626 450 2687 solo.
497 2623 640 2707 Sequitur
654 2625 871 2707 pulcherrimus
885 2623 994 2701 Astur,

135 2707 233 2770 Astur
247 2728 324 2790 equo
338 2709 434 2771 fidens
449 2714 480 2772 et
494 2710 719 2772 versicoloribus
731 2709 830 2770 armis.

136 2792 317 2855 Tercentum
332 2793 497 2876 adjiciunt3
519 2814 602 2856 mens
617 2793 751 2856 omnibus
762 2813 823 2854 una
834 2790 991 2874 sequendi,

137 2876 196 2948 Qui
211 2875 338 2940 Caerete
355 2878 451 2955 domo,
467 2877 519 2959 qui
533 2884 604 2939 sunt
618 2876 759 2939 Minionis
773 2878 805 2938 in
820 2877 910 2955 arvis,

136 2961 179 3023 Et
193 2960 288 3044 Pyrgi
303 2966 432 3040 veteres,
448 2962 704 3045 intempestaeque
721 2960 895 3024 Graviscae.

179 3046 250 3108 Nou
266 3065 322 3126 ego
337 3052 379 3124 te,
395 3046 541 3128 Ligurum
556 3045 663 3108 ductor
677 3046 835 3108 fortissime
849 3046 939 3122 bello,

136 3129 328 3207 Transierim,
343 3129 467 3214 Cinyra,
482 3137 514 3193 et
528 3131 630 3214 paucis
645 3131 783 3193 comitate
800 3130 934 3212 Cupavo,

138 3213 231 3297 Cujus
246 3213 374 3276 olorinae
389 3220 517 3296 surgrmt
532 3215 569 3276 de
584 3215 697 3278 vertice
713 3235 829 3297 pennae
842 3249 883 3260 -

138 3297 258 3360 Crimen
273 3317 357 3360 amor
371 3305 503 3360 vestrum
514 3334 556 3345 —
566 3300 739 3380 formaeque
750 3299 866 3379 insigne
878 3302 1032 3380 paternae.

136 3382 277 3464 Namque
292 3381 404 3460 ferunt,
418 3383 502 3444 luctu
518 3381 654 3466 Cycnum
669 3383 864 3446 Phaethontis
879 3382 981 3461 amati,

137 3467 286 3550 Populeas
301 3467 380 3530 inter
394 3466 514 3529 frondes
529 3467 725 3549 umbramque
740 3489 874 3530 sororum

137 3552 219 3614 Dum
234 3552 315 3614 canit
329 3558 361 3614 et
375 3557 522 3614 maestum
536 3551 626 3614 Musa
637 3553 751 3615 solatur
765 3572 906 3631 amorem,
1015 3596 1018 3601 -

139 3635 304 3700 Canentem
318 3637 398 3699 molli
411 3637 513 3720 pluma
528 3636 647 3699 duxisse
662 3643 825 3714 senectam,

137 3719 337 3803 Linquentem
352 3726 448 3784 terras
465 3727 497 3784 et
511 3721 610 3783 sidera
621 3742 694 3784 voce
710 3727 896 3803 sequentem.
