2496 4334
158 250 221 314 328
498 266 528 313 r.
553 266 695 313 vmomu
716 265 861 313 umoris
969 308 972 313 .

157 420 329 504 Indigetem
343 419 472 483 Aenean
486 418 544 483 sois
559 420 635 503 ipsa,
651 427 682 485 et
696 420 772 484 seire
787 421 903 502 fateris,

157 506 270 570 Deberi
286 507 379 585 coelo,
395 506 523 587 fatisque
539 506 579 568 ad
593 506 693 569 sidera
707 506 780 569 tolli.

158 591 238 664 Quid
253 592 354 669 struis,
370 597 423 653 aut
437 612 497 672 qua
512 612 564 673 spe
580 590 686 673 gelidis
699 591 731 654 in
745 592 873 656 nubibus
887 593 993 660 haeres
1006 596 1020 660 'l

157 675 311 738 Mortalin'
328 675 430 739 decuit
444 677 548 739 violari
563 677 686 739 vulnere
702 676 829 740 divum?

158 761 225 824 Aut
240 782 342 824 ensem
352 761 480 843 —quid
495 761 573 823 enim
589 762 652 824 sine
668 769 699 825 te
713 761 736 824 J
737 769 848 826 utuma
862 764 977 830 valeret
989 764 1004 830 l
1015 802 1059 815 -

158 845 306 930 Ereptum
320 846 406 909 reddi
422 846 534 925 Turno,
550 853 582 909 et
596 847 656 909 vim
672 868 807 910 crescere
823 848 936 912 victis?

157 932 269 995 Desine
280 934 345 1015 jam
360 931 493 1010 tandem,
508 932 706 1014 precibusque
721 933 874 996 inflectere
889 935 1020 1016 nostris3

157 1017 189 1080 N
191 1039 226 1081 ee
241 1023 271 1080 te
287 1024 388 1080 tantus
404 1017 476 1080 edat
490 1018 613 1080 tacitam
628 1017 721 1096 dolor,
736 1019 853 1081 etmihi
868 1040 958 1083 curae

160 1101 257 1186 Saepe
273 1109 324 1165 tuo
340 1103 418 1165 dulci
435 1103 535 1165 tristes
551 1123 588 1165 ex
602 1124 653 1165 ore
668 1109 834 1165 recursent.

156 1189 293 1250 Ventum
307 1188 346 1250 ad
361 1209 533 1271 supremum
549 1195 605 1250 est,
650 1187 750 1251 Terris
764 1189 878 1270 agitare
894 1191 942 1253 vel
956 1190 1044 1255 undis

156 1274 300 1357 Trojanos
313 1273 445 1356 potuisti,
460 1273 616 1335 infandum
630 1273 795 1336 accendere
811 1274 932 1353 bellum,

157 1359 333 1422 Deformare
351 1358 481 1437 domum,
495 1364 527 1421 et
541 1360 626 1420 luctu
640 1360 765 1422 miscere
780 1359 961 1443 hymenaeos
973 1380 983 1437 3

157 1444 292 1506 Ulterius
308 1450 425 1506 tentare
441 1449 520 1506 veto.
567 1442 618 1506 sic
632 1443 754 1526 Jupiter
767 1465 852 1508 orsus
866 1464 874 1522 3

159 1528 209 1592 Sic
225 1529 282 1592 dea
296 1529 439 1590 submisso
455 1534 559 1592 eontra
575 1527 717 1592 Saturnia
730 1530 816 1592 vultu
828 1553 836 1592 :

156 1613 221 1676 Ista
236 1613 356 1696 quidem
371 1613 442 1695 quia
456 1619 527 1676 nota
540 1613 612 1675 mihi
627 1620 691 1694 tua,
705 1635 825 1697 magne,
841 1615 989 1694 voluntas,

156 1698 289 1782 Jupiter,
304 1705 336 1761 et
350 1698 484 1761 Turnum
499 1704 530 1761 et
544 1705 641 1762 terres
655 1699 750 1763 iuvita
764 1700 872 1783 reliqui
885 1721 894 1777 ;

156 1783 224 1847 Nee
241 1791 274 1846 tu
288 1805 335 1846 me
351 1784 433 1846 adria
447 1784 540 1847 solam
554 1805 634 1847 nunc
650 1784 721 1847 sede
738 1785 855 1848 videres

156 1869 258 1952 Digna
272 1870 395 1951 indigna
409 1869 482 1952 pati,
497 1869 550 1932 sed
564 1869 689 1932 flammis
705 1869 804 1933 cincta
819 1870 873 1933 sub
887 1870 954 1953 ipsa

158 1953 276 2018 Starem
291 1955 366 2033 acie,
382 1955 591 2036 traheremque
607 1955 726 2018 inimica
739 1955 771 2017 in
786 1956 898 2037 proelio
912 1956 1056 2019 Teucros.

155 2040 178 2102 J
179 2047 319 2102 uturnam
332 2040 451 2119 misero,
466 2041 573 2114 fateor,
589 2061 764 2103 succurrere
779 2041 865 2103 fratri

158 2123 256 2204 Suasi,
272 2131 303 2188 et
317 2146 370 2209 pro
385 2126 447 2188 vita
461 2127 574 2210 majora
589 2125 700 2189 audere
715 2124 859 2209 probavi3

155 2210 227 2273 Non
241 2217 276 2272 ut
290 2212 351 2272 tela
365 2216 476 2289 tamen,
491 2232 550 2273 non
564 2217 599 2272 ut
614 2210 809 2273 contenderet
823 2230 948 2288 arcum3

155 2296 273 2379 Adjuro
290 2293 389 2378 Stygii
404 2300 494 2378 caput
508 2295 693 2378 implacabile
708 2296 808 2374 fontis,

156 2381 226 2444 Una
239 2381 409 2463 superstitio
425 2381 539 2462 superis
555 2402 632 2463 quae
647 2380 765 2443 reddita
781 2381 865 2444 divis.

156 2467 197 2528 Et
211 2487 290 2528 nunc
306 2466 380 2528 cedo
395 2465 543 2548 equidem,
559 2487 735 2549 pugnasque
751 2488 841 2530 exosa
855 2465 1000 2548 relinquo.

154 2551 235 2613 Illud
251 2558 293 2629 te,
307 2552 390 2613 nulla
404 2551 459 2612 fati
475 2551 554 2632 quod
568 2553 635 2632 lege
650 2558 783 2630 tenetur,

154 2637 214 2699 Pro
230 2636 316 2698 Latio
331 2636 473 2713 obtestor,
488 2657 541 2718 pro
556 2638 710 2720 majestate
726 2644 865 2699 tuorum:

155 2719 255 2794 Quum
264 2723 328 2804 jam
343 2721 496 2784 connubiis
510 2742 616 2803 pacem
630 2722 777 2800 felicibus
792 2729 868 2799 esto,

155 2806 351 2890 Component,
367 2828 435 2868 cum
445 2808 510 2889 jam
524 2807 607 2888 leges
623 2813 654 2868 et
668 2807 791 2869 foedera
800 2808 943 2890 jungent,

153 2891 185 2954 N
188 2915 203 2955 e
219 2899 306 2955 vetus
320 2892 476 2973 indigenas
491 2912 599 2953 nomen
613 2898 729 2953 mutare
745 2891 879 2971 Latinos,

153 2978 225 3040 Neu
240 2978 332 3040 Troas
347 2977 412 3039 fieri
422 2977 530 3060 jubeas
545 2976 737 3059 Teucrosque
752 2977 864 3055 vocari,

152 3065 219 3126 Aut
233 3085 337 3127 vocem
350 3069 467 3125 mutare
482 3062 572 3142 viros,
588 3069 641 3124 aut
655 3069 773 3125 vertere
788 3069 912 3125 vestem.

155 3148 202 3211 Sit
216 3148 347 3228 Latium,
362 3149 423 3211 sint
437 3148 550 3210 Albani
564 3169 619 3231 per
633 3149 753 3211 saecula
767 3168 867 3229 reges,

155 3232 202 3295 Sit
216 3234 352 3296 Romana
366 3241 471 3315 potens
486 3234 566 3296 Itala
581 3234 691 3295 virtute
706 3253 837 3315 propago
851 3253 859 3308 3

155 3317 284 3397 Occidit,
300 3318 501 3401 occideritque
517 3320 596 3382 sinas
611 3340 680 3381 cum
693 3318 810 3381 nomine
826 3318 926 3402 Troja.

197 3403 257 3466 Olli
271 3403 427 3466 subridens
441 3403 592 3469 hominum
607 3425 766 3486 rerumque
782 3411 938 3487 repertor:

153 3490 195 3552 Es
211 3509 354 3572 germana
368 3487 454 3550 Jovis
472 3487 653 3572 Saturnique
670 3491 766 3552 altera
780 3491 899 3572 proles:

153 3576 270 3638 Irarum
287 3581 385 3637 tantos
400 3574 493 3636 volvis
509 3577 564 3637 sub
579 3581 700 3657 pectore
715 3573 845 3638 fluctus!

153 3660 269 3722 Verum
284 3681 352 3742 age,
368 3666 399 3721 et
413 3660 565 3742 inceptum
578 3661 691 3722 frustra
705 3660 845 3722 submitte
860 3660 1002 3722 furorem.

153 3744 212 3824 Do,
227 3746 307 3828 quod
323 3746 378 3825 vis,
394 3750 425 3807 et
438 3766 486 3808 mc
502 3746 658 3828 victusque
674 3746 835 3828 volensque
851 3745 982 3808 remitto.
