2496 4334
103 266 143 330 76
239 340 241 347 ,
430 283 460 328 r.
484 281 625 328 vrnorurr
647 281 792 328 unnorus

71 475 88 483 -
102 434 144 498 Et
158 441 265 513 mater,
281 434 363 519 Cape
378 433 510 497 Maeonii
525 433 678 497 carchesia
692 434 827 498 Bacchi:

104 519 225 583 Oceano
239 521 374 598 libemus,
390 521 442 582 ait.
489 519 583 582 Simul
596 520 662 601 ipsa
676 527 817 602 precatur

104 605 318 688 Oceanumque
333 610 450 688 patrem
464 626 575 683 rerum,
591 604 808 688 Nymphasque
823 624 950 687 sorores,

32 725 36 731 -
103 689 233 753 Centum
248 711 325 772 quae
340 691 440 768 silves,
455 696 576 752 centum
592 702 668 770 qua'e
684 690 805 752 flumina
818 699 949 754 servant.

103 775 162 837 Ter
176 776 289 858 liquido
304 775 460 837 ardentem
474 774 606 857 perfudit
620 780 741 836 nectare
757 775 904 839 Vestam:

102 860 162 922 Ter
176 861 294 923 flamma
309 860 348 922 ad
363 881 510 922 summum
525 859 597 920 tecti
611 860 746 942 subjecta
760 861 880 922 reluxit.

104 944 209 1007 Omine
225 967 283 1028 quo
296 947 417 1007 firmans
433 945 574 1022 animum,
588 944 630 1006 sic
645 944 749 1027 incipit
763 945 848 1028 ipsa:

144 1031 201 1093 Est
214 1031 246 1092 in
259 1029 419 1113 Oarpathio
435 1029 573 1112 Neptuni
587 1030 705 1111 gurgite
721 1036 816 1109 vates,

103 1114 266 1178 Caeruleus
281 1116 419 1194 Proteus,
433 1135 575 1197 magnum
590 1114 642 1195 qui
655 1115 785 1197 piscibus
800 1137 912 1198 aequor

101 1199 143 1261 Et
152 1203 257 1285 juncto
272 1200 413 1283 bipedum
428 1221 518 1262 curru
531 1200 655 1261 metitur
669 1220 822 1282 equorum.

100 1284 160 1348 Hic
176 1308 255 1350 nunc
271 1286 429 1348 Emathiae
443 1291 546 1368 portus
561 1285 747 1367 patriamque
762 1286 866 1349 revisit

100 1370 255 1434 Pallenen.
301 1371 392 1433 Hunc
408 1376 440 1432 et
454 1370 615 1452 Nymphae
632 1391 820 1450 veneramur,
835 1372 944 1455 etipse

101 1455 298 1519 Grandaevus
314 1456 433 1518 Nereus
446 1475 454 1531 ;
476 1455 559 1518 novit
574 1475 701 1537 namque
717 1457 815 1519 onmia
829 1463 924 1535 vates,

100 1540 184 1614 Quae
199 1548 280 1621 sunt,
296 1562 373 1624 quae
388 1541 521 1619 fuerunt,
536 1561 613 1622 quae
628 1561 696 1603 mox
710 1546 839 1604 ventura
850 1544 1021 1607 trahuntur.

99 1625 216 1710 Quippe
231 1628 276 1690 ita
290 1628 433 1710 Neptuno
447 1626 543 1689 visum
558 1633 623 1688 est:
646 1626 787 1690 immania
802 1629 887 1711 cujus

98 1711 248 1775 Armenta
263 1718 294 1774 et
308 1718 411 1796 turpes
425 1711 522 1794 pascit
536 1711 590 1774 sub
606 1711 725 1793 gurgite
740 1712 861 1795 phocas.

98 1797 159 1858 Hic
174 1798 238 1876 tibi,
253 1804 335 1874 nate,
351 1797 432 1881 prius
447 1797 552 1860 vinclis
569 1797 742 1878 capiendus,
756 1803 792 1859 ut
806 1818 923 1861 omnem

98 1882 249 1965 Expediet
262 1883 356 1945 morbi
371 1903 517 1959 caussam,
533 1888 717 1964 eventusque
733 1883 887 1946 secundet.

98 1967 181 2030 Nam
195 1968 258 2031 sine
274 1969 304 2030 vi
318 1989 377 2030 non
391 1969 453 2030 ulla
468 1968 551 2030 dabit
565 1973 738 2050 praecepta,
753 1989 852 2051 neque
867 1969 951 2032 illum

100 2050 221 2116 Orando
236 2055 360 2116 flectes:
385 2053 445 2115 vim
460 2053 566 2115 duram
582 2058 613 2114 et
627 2052 746 2115 vincula
761 2060 849 2136 capto

97 2138 200 2201 Tende
214 2159 222 2215 3
246 2139 305 2201 doli
321 2139 434 2200 circum
447 2139 522 2200 haec
538 2138 657 2199 demum
671 2138 848 2220 frangentur
861 2140 976 2204 inanes.

97 2223 170 2306 Ipsa
184 2245 240 2305 ego
255 2230 297 2300 te,
312 2224 423 2285 medios
439 2244 507 2285 cum
521 2223 565 2285 sol
579 2223 751 2285 accenderit
766 2229 877 2302 aestus,

99 2307 175 2370 Oum
190 2309 294 2371 sitiunt
308 2309 430 2386 herbae,
446 2314 477 2370 et
490 2308 591 2391 pecori
600 2309 664 2390 jam
679 2309 792 2389 gratior
805 2310 910 2372 umbra
925 2316 983 2391 est,
1047 2336 1055 2352 ·

98 2393 136 2455 In
151 2401 269 2456 secreta
283 2394 361 2457 senis
377 2394 495 2472 ducam,
511 2414 570 2475 quo
584 2393 680 2455 fessus
695 2393 733 2455 ab
748 2394 836 2456 undis

100 2477 140 2542 Se
156 2480 262 2562 recipit
275 2500 283 2554 ;
307 2479 394 2541 facile
409 2485 444 2541 ut
458 2500 561 2541 somno
576 2479 753 2560 aggrediare
763 2480 926 2562 jacentem.

98 2565 215 2627 Verum
230 2565 281 2627 ubi
296 2570 466 2647 correptum
479 2563 615 2626 manibus
630 2564 794 2646 vinclisque
809 2564 935 2645 tenebis,

97 2650 174 2712 Tum
188 2651 288 2712 variae
305 2649 427 2713 eludent
442 2650 557 2732 species
572 2655 662 2731 atque
678 2669 731 2712 ora
744 2649 886 2712 ferarum.

96 2735 165 2797 Fiet
181 2737 258 2797 enim
273 2735 370 2797 subito
385 2756 435 2798 sus
449 2734 597 2811 horridus,
612 2741 736 2816 atraque
752 2735 850 2816 tigris,

99 2819 340 2902 squamosusque
357 2820 458 2898 draco,
475 2825 506 2882 et
520 2820 604 2881 fulva
619 2820 735 2882 cervice
750 2820 856 2882 leaena
869 2840 877 2895 3

96 2905 163 2968 Aut
178 2926 277 2967 acrem
291 2906 426 2968 flammae
442 2905 569 2967 sonitum
584 2904 677 2983 dabit,
693 2911 783 2986 atque
798 2904 841 2968 ita
854 2904 960 2979 vinclis

98 2991 237 3069 Excidet,
252 2991 350 3052 autin
365 3010 459 3071 aquas
473 2996 579 3051 tenues
595 2990 726 3072 dilapsus
742 2989 844 3052 abibit.

99 3076 171 3155 Sed,
187 3082 298 3158 quanto
313 3076 362 3138 ille
377 3077 472 3158 magis
487 3075 596 3137 formas
611 3095 643 3136 se
658 3080 757 3136 vertet
770 3075 802 3136 in
817 3095 929 3154 omnes,
1046 3118 1053 3132 .

97 3163 204 3239 Tanto,
218 3168 300 3240 nate,
315 3162 410 3243 magis
427 3159 573 3223 contende
589 3160 707 3222 tenacia
721 3160 839 3222 vincla:

97 3247 202 3309 Donec
218 3247 286 3309 talis
301 3247 358 3308 erit
372 3252 486 3308 mutato
501 3266 635 3328 corpore,
652 3246 771 3327 qualem

96 3332 229 3410 Videris,
246 3332 365 3414 incepto
381 3336 499 3412 tegeret
514 3351 582 3392 cum
596 3331 708 3392 lumina
723 3351 833 3393 somno.

138 3417 225 3479 Haec
242 3417 295 3494 ait,
311 3423 342 3478 et
357 3416 503 3499 liquidum
518 3415 681 3478 ambrosiae
698 3415 836 3478 diffimdit
853 3414 986 3494 odorem,

96 3501 162 3574 Ouo
178 3508 273 3564 totum
287 3502 350 3563 nati
365 3521 471 3583 corpus
486 3501 627 3584 perduxit
640 3521 647 3575 3
671 3501 760 3562 atilli

95 3588 201 3650 Dulcis
217 3587 384 3668 compositis
399 3587 524 3668 spiravit
538 3585 669 3648 crinibus
686 3607 770 3664 aura,

94 3673 200 3754 Atque
215 3672 319 3734 habilis
335 3671 474 3733 membris
489 3672 572 3734 venit
586 3671 681 3752 vigor.
727 3671 784 3733 Est
798 3690 905 3754 specus
920 3669 1027 3752 ingens

95 3757 188 3820 Exesi
202 3758 296 3819 latere
315 3757 347 3819 in
362 3758 480 3836 montis,
497 3777 555 3839 quo
570 3756 697 3839 plurima
711 3763 800 3819 vento
