2496 4334
436 248 598 296 autumnos
620 250 685 296 ΗΒ.
712 251 745 298 V.

80 404 137 484 Ni,
152 405 266 488 palmas
280 410 370 489 ponto
385 403 512 466 tendens
529 409 684 485 utrasque,
701 401 864 466 Cloanthus

80 489 282 573 Fudissetque
298 510 415 573 preces,
430 489 573 570 divosque
588 488 620 550 in
635 494 706 550 rota
720 495 873 551 vocasset:

80 574 134 654 Di,
152 576 257 658 quibus
272 575 429 659 imperium
444 574 543 658 pelagi
559 578 615 654 est,
631 594 757 654 quorum
774 595 904 656 aequora
919 594 1018 653 curro,
1074 593 1122 641 235

80 659 178 724 Vobis
192 661 289 724 laetus
305 682 361 743 ego
375 661 432 722 hoo
448 659 626 722 candentem
641 659 674 720 in
687 659 773 721 litore
788 665 909 722 taurum

83 743 270 808 Constituam
286 753 355 808 ante
371 766 450 822 aras,
466 745 527 807 voti
541 764 622 823 reus,
638 751 767 826 extaque
783 746 875 808 salsos

81 830 248 895 Porriciam
261 831 293 892 in
307 832 427 910 fluctus,
443 837 475 892 et
489 830 558 891 vina
571 830 717 912 liquentia
731 830 865 892 fundam.

80 914 178 993 Dixit,
195 937 322 998 eumque
337 917 402 978 imis
418 915 472 978 sub
487 915 626 977 fluctibus
641 915 735 976 audiit
750 916 844 978 omnis

80 999 251 1063 Nereidum
265 1001 434 1084 Phorcique
449 1001 567 1077 chorus,
582 999 784 1082 Panopeaque
800 1001 903 1082 virgo;

80 1085 123 1148 Et
138 1093 225 1169 pater
238 1087 302 1169 ipse
318 1107 408 1148 manu
422 1107 532 1168 magna
546 1085 698 1148 Portunus
714 1091 836 1147 euntem

81 1171 223 1254 Impulit:
247 1172 299 1234 illa
313 1171 394 1234 Noto
409 1171 496 1234 citius
512 1171 684 1252 volucrique
700 1171 811 1252 sagitta

80 1255 134 1318 Ad
149 1264 262 1319 terram
276 1257 365 1338 fugit,
381 1263 413 1318 et
427 1263 516 1339 portu
530 1277 562 1319 se
579 1256 711 1318 condidit
726 1258 796 1318 alto.

80 1341 158 1403 uum
173 1349 255 1404 satus
269 1341 414 1421 Anchisa,
430 1341 546 1404 cunctis
562 1362 599 1403 ex
613 1363 694 1405 more
709 1341 834 1420 vocatis,

80 1426 237 1490 Victorem
248 1448 358 1509 magna
370 1427 527 1509 praeconis
541 1447 614 1489 voce
631 1426 810 1489 Cloanthum

79 1510 237 1592 Declarat,
253 1513 399 1594 viridique
414 1511 535 1574 advelat
549 1518 684 1595 tempora
697 1513 793 1590 lauro,

80 1596 271 1680 Muneraque
285 1598 317 1660 in
330 1618 423 1660 naves
438 1603 538 1660 ternos
553 1604 656 1680 optare
672 1598 818 1681 juvencos

81 1681 234 1765 Vinaque,
250 1689 281 1745 et
296 1683 413 1765 argenti
428 1703 570 1764 magnum
585 1682 638 1745 dat
652 1683 731 1746 ferre
747 1684 902 1747 talentum.

80 1766 159 1849 Ipsis
174 1767 350 1851 praecipuos
365 1767 537 1830 ductoribus
553 1768 637 1830 addit
650 1769 794 1831 honores:

79 1852 199 1916 Victori
213 1853 399 1937 chlamydem
414 1860 562 1930 auratam,
578 1854 810 1936 quamplurima
825 1855 938 1918 circum

80 1939 221 2022 Purpura
235 1939 401 2001 Maeandro
416 1938 527 2020 duphci
542 1938 693 2001 Mehboea
707 1941 861 2016 cucumit3

80 2023 279 2106 intextusque
294 2045 370 2106 puer
384 2024 525 2087 frondosa
539 2025 640 2106 regius
655 2024 713 2086 Ida

80 2108 211 2172 Veloces
221 2111 322 2192 jaculo
337 2130 441 2172 cervos
457 2129 606 2192 cursuque
622 2109 741 2190 fatigat,

79 2194 176 2270 Acer,
191 2195 343 2257 anhelanti
357 2195 470 2272 similis,
485 2215 574 2276 quem
589 2215 716 2277 praepes
731 2194 768 2257 ab
783 2194 841 2257 ida

81 2278 246 2342 Sublimem
260 2280 385 2362 pedibus
400 2280 499 2362 rapuit
513 2279 535 2342 J
536 2281 598 2342 ovis
614 2280 744 2362 armiger
758 2281 853 2342 uncis.

80 2365 234 2447 Longaevi
249 2367 361 2448 palmas
376 2365 578 2446 nequidquam
593 2365 632 2427 ad
647 2365 746 2428 sidera
761 2366 889 2428 tendunt

81 2449 240 2528 Custodes,
256 2451 410 2532 saevitque
426 2471 534 2512 canum
547 2452 674 2513 latratus
688 2451 719 2512 in
735 2471 832 2514 auras.

79 2536 136 2614 At,
152 2536 204 2618 qui
219 2535 327 2598 deinde
342 2535 440 2598 locum
455 2536 552 2597 tenuit
566 2537 677 2598 virtute
693 2536 868 2615 seeundum,

80 2620 211 2683 Levibus
225 2621 294 2703 huic
310 2621 404 2683 hamis
420 2628 587 2684 consertam
602 2643 734 2703 auroque
749 2622 876 2684 trilicem

80 2706 229 2785 Loricam,
244 2727 334 2788 quam
349 2707 493 2769 Demoleo
508 2707 682 2769 detraxerat
695 2708 758 2789 ipse

79 2793 187 2854 Victor
204 2791 283 2874 apud
298 2793 435 2874 rapidum
453 2791 606 2854 Simoenta
621 2793 675 2856 sub
691 2793 747 2854 llio
761 2793 833 2870 alto,

79 2876 182 2939 Donat
196 2877 306 2939 habere
322 2879 397 2956 viro,
412 2877 504 2940 decus
519 2886 550 2940 et
565 2884 700 2940 tutamen
714 2879 745 2940 in
760 2879 859 2941 armis.

80 2962 143 3024 Vix
156 2963 237 3024 illam
251 2963 355 3025 famuli
370 2963 510 3045 Phegeus
528 2962 709 3046 Sagarisque
725 2964 862 3026 ferebant

80 3047 289 3130 Multiphoem,
305 3049 422 3111 connixi
437 3049 589 3125 humeris3
612 3049 734 3112 indutus
750 3056 781 3111 at
796 3049 865 3111 olim

79 3133 238 3196 Demoleos
254 3155 344 3196 cursu
358 3135 493 3216 palantes
508 3136 601 3197 Troas
616 3134 735 3215 agebat.

79 3218 182 3282 Tertia
200 3219 278 3282 dona
292 3219 365 3282 facit
379 3221 511 3302 geminos
527 3241 564 3282 ex
579 3240 649 3282 aere
663 3220 789 3297 lebetas,

80 3303 267 3387 Cymbiaque
283 3313 407 3386 argento
422 3306 557 3387 perfecta
572 3311 662 3388 atque
678 3327 785 3388 aspera
799 3303 901 3387 signis.

78 3390 210 3471 Jamque
226 3390 301 3452 adeo
317 3392 418 3453 donati
433 3412 545 3468 omnes,
561 3391 724 3472 opibusque
739 3391 871 3475 superbi,

80 3475 220 3538 Puniceis
236 3476 319 3537 ibant
334 3477 443 3538 evincti
456 3484 591 3558 tempora
605 3477 731 3538 taeniis:
815 3522 818 3528 ·

80 3559 180 3633 Quum
195 3565 316 3624 saevo'e
332 3562 452 3644 scopulo
466 3563 560 3623 multa
575 3561 624 3623 vix
641 3570 705 3624 arte
720 3562 868 3638 revulsus,

78 3645 206 3709 Amissis
221 3646 322 3723 remis,
338 3654 428 3728 atque
445 3648 546 3708 ordine
562 3646 666 3708 debilis
681 3668 751 3724 uno,

78 3731 202 3794 Irrisam
218 3732 281 3794 sine
297 3732 407 3795 honore
423 3738 518 3794 ratem
535 3730 695 3814 Sergestus
711 3731 830 3814 agebat.
