2496 4334
416 305 583 353 ancones.
628 305 751 352 ncnooa
773 304 820 351 1x.
1104 286 1145 353 21

99 463 173 538 Quis
189 467 315 526 caneret
325 424 512 544 Nymphas?
535 459 603 543 quis
617 459 741 522 humum
755 458 929 523 florentibus
942 424 1045 522 herbis

99 547 291 633 spargeret?
315 553 369 609 aut
384 546 472 608 viridi
486 547 584 609 fontes
598 545 759 608 induceret
772 543 903 608 umbra?
1112 565 1145 616 ρο

97 634 160 699 Vel
175 655 255 717 quae
270 631 388 714 sublegi
402 632 512 695 tacitus
528 632 582 694 tibi
597 630 731 695 carmina
745 652 853 714 nuper,

100 719 178 783 Cum
193 727 225 782 te
240 719 280 782 ad
295 717 418 781 delicias
432 718 539 797 ferres,
554 716 755 800 Amaryllida,
770 723 888 780 nostras
901 715 914 779 t

97 811 117 842 “
130 806 250 889 Tityre,
265 805 337 868 dum
352 803 496 867 redeo-
506 803 607 866 brevis
623 809 670 866 est
685 803 786 866 via-
798 823 889 885 pasce
904 803 1053 887 capellas:

98 890 140 954 Et
155 897 260 974 potum
274 896 377 974 pastas
393 909 460 971 age,
476 888 582 974 Tityre
596 908 604 964 ;
628 894 659 951 et
673 888 753 950 inter
768 888 920 970 agendum

99 975 270 1039 Occursare
286 995 534 1059 capro-coma
547 975 619 1036 ferit
632 974 682 1036 ille
694 974 887 1036 -'caveto.''
1111 993 1143 1042 25

140 1060 223 1125 Moe.
239 1061 336 1123 Immo
352 1060 439 1140 haec,
455 1081 532 1142 quae
547 1059 632 1123 Varo
646 1059 777 1122 necdum
792 1059 928 1142 perfecta
942 1062 1089 1125 canebat:

98 1151 118 1185 “
130 1148 229 1226 Vare,
244 1156 330 1209 tuum
344 1167 464 1224 nomen,
479 1152 602 1229 superet
616 1145 704 1208 modo
718 1144 848 1207 Mantua
862 1147 958 1226 uobis,

97 1232 228 1296 Mantua
242 1253 298 1294 vae
312 1232 440 1295 miserae
454 1232 578 1293 nimium
592 1231 692 1294 vicina
707 1230 885 1310 Cremonae,

99 1317 266 1382 Cantantes
281 1317 406 1380 sublime
420 1318 520 1380 ferent
535 1317 573 1381 ad
589 1317 688 1380 sidera
703 1316 824 1400 cycni.''

139 1403 202 1488 Isty.
221 1402 271 1467 Sic
286 1409 341 1466 tua
357 1401 493 1487 Cymess
507 1403 895 1486 fugiantexamiuataxos3
1112 1422 1143 1471 ao

101 1489 150 1553 Sic
167 1490 265 1574 cytiso
279 1495 384 1572 pastae
400 1488 573 1552 distendant
587 1489 682 1550 ubera
696 1509 827 1550 vaccae:

99 1575 217 1660 Incipe,
232 1575 257 1637 si
271 1573 345 1658 quid
358 1575 462 1637 habes.
508 1574 550 1636 Et
564 1596 612 1636 me
627 1575 727 1636 fecere
743 1575 864 1657 potitam

99 1661 256 1737 Pierides;
280 1666 352 1723 sunt
366 1666 398 1722 et
412 1660 484 1722 mihi
499 1661 650 1735 carmina;
674 1681 722 1722 me
738 1681 857 1742 quoque
873 1658 978 1723 dicunt

99 1747 213 1810 Vatem
227 1752 381 1830 pastores:
406 1746 459 1808 sed
474 1767 534 1808 non
549 1767 605 1828 ego
621 1745 761 1809 credulus
775 1746 843 1808 illis.

100 1832 182 1896 Nam
196 1852 296 1915 neque
311 1831 409 1894 adhuc
424 1831 520 1895 Vario
534 1831 639 1894 videor
653 1852 709 1894 nec
725 1832 826 1894 dicere
843 1831 941 1894 Cinna
1112 1855 1144 1903 35

100 1917 213 2002 Digna,
229 1917 283 1981 sed
297 1923 421 2000 argutos
435 1916 515 1980 inter
529 1923 665 2000 strepere
681 1938 770 1980 anser
784 1919 890 1980 olores.

141 2002 224 2066 Moe.
241 2004 280 2066 Id
294 2004 416 2087 quidem
426 2024 496 2086 ago,
509 2009 541 2067 et
551 2003 673 2082 tacitus,
685 2002 813 2086 Lycida,
825 2024 944 2066 mecum
954 2001 1019 2086 ipse
1030 2005 1144 2086 voluto,

103 2088 136 2153 Si
149 2091 269 2153 valeam
282 2089 451 2152 meminisse
463 2109 472 2165 ;
493 2089 593 2172 neque
609 2095 656 2151 est
670 2089 800 2170 ignobile
816 2109 948 2152 carmen.

100 2180 120 2212 “
132 2176 205 2238 Huc
222 2175 306 2255 ades,
318 2197 335 2238 o
352 2174 479 2238 Galatea
492 2194 500 2252 ;
524 2175 590 2258 quis
606 2181 653 2237 est
666 2196 736 2237 nam
750 2174 840 2236 ludus
854 2174 886 2236 iu
900 2172 1015 2237 undis?

100 2260 162 2324 Hic
177 2282 233 2324 ver
246 2283 431 2345 purpureum
444 2282 452 2337 3
468 2261 567 2323 varios
581 2261 630 2330 hic
648 2260 770 2322 flumina
785 2260 898 2323 circum
1113 2277 1146 2327 40

100 2346 215 2409 Fundit
229 2347 336 2410 humus
351 2347 457 2423 flores;
480 2347 529 2410 hic
545 2346 674 2409 candida
691 2346 819 2429 populus
833 2353 919 2409 antro

100 2432 255 2511 Imminet,
271 2433 415 2495 attentae
430 2439 538 2495 texunt
552 2433 729 2494 umbracula
742 2432 830 2494 vites.

100 2517 173 2580 Huc
189 2518 262 2580 ades
274 2537 281 2593 ;
304 2517 400 2580 insani
414 2518 525 2581 feriant
539 2518 602 2581 sine
617 2519 707 2580 litora
721 2516 864 2593 fluctus.''

142 2601 205 2685 Dyr.
223 2602 314 2683 Quid,
330 2625 407 2686 quae
423 2610 453 2666 te
469 2625 546 2687 pura
560 2605 655 2666 solum
670 2604 724 2665 sub
740 2610 828 2665 nocte
844 2608 1003 2666 canentem

99 2688 292 2752 Audieram?
335 2689 486 2752 Numeros
501 2690 632 2768 memini,
648 2689 673 2751 si
688 2689 781 2751 verba
795 2695 941 2751 tenerem.
959 2725 960 2728 =
1113 2708 1145 2755 45

142 2773 224 2836 Moe.
241 2778 261 2811 ‘⁶
276 2775 407 2859 Daphni,
423 2775 496 2856 quid
511 2775 649 2857 antiquos
665 2775 817 2856 signorum
832 2774 957 2857 suspicis
972 2771 1079 2836 ortus?

101 2859 184 2924 Ecce
200 2859 328 2923 Dionaei
342 2861 487 2944 processit
503 2860 642 2923 Caesaris
658 2867 791 2935 astrum3

99 2947 239 3025 Astrum,
254 2967 313 3028 quo
329 2953 446 3028 segetes
464 2947 633 3028 gauderent
646 2946 794 3028 frugibus,
810 2952 842 3008 et
857 2967 915 3029 quo

99 3031 238 3094 Duceret
253 3031 361 3115 apricis
375 3033 408 3094 iu
423 3033 547 3096 collibus
563 3054 623 3095 uva
638 3033 777 3094 colorem.

99 3115 218 3196 Insere,
234 3117 366 3200 Daphni,
381 3118 480 3201 piros;
504 3123 630 3200 carpent
644 3124 697 3179 tua
712 3138 800 3200 poma
814 3115 972 3199 nepotes.''
1113 3137 1145 3185 50

101 3200 211 3265 Omnia
224 3202 286 3265 fert
301 3209 396 3281 aetas,
411 3204 543 3266 animum
558 3225 676 3286 quoque
692 3224 699 3278 3
723 3224 813 3285 saepe
829 3224 886 3284 ego
900 3203 1005 3284 longos

100 3287 260 3359 Cantando
275 3310 402 3371 puerum
416 3289 538 3352 memini
552 3310 600 3351 me
616 3289 746 3351 condere
762 3290 857 3351 soles:

99 3374 130 3436 N
132 3395 190 3436 unc
207 3374 300 3437 oblita
313 3375 386 3436 mihi
400 3381 445 3437 tot
460 3375 611 3450 camuina3
635 3397 692 3438 vox
708 3396 826 3456 quoque
842 3373 962 3439 Moerin

99 3460 120 3522 J
122 3482 171 3522 am
185 3460 266 3542 fug'it
280 3460 363 3543 ipsa:
387 3461 451 3544 lupi
466 3461 585 3522 Moerin
597 3461 699 3523 videre
718 3461 843 3542 priores.

101 3543 163 3608 Sed
179 3552 282 3608 tamen
296 3546 355 3608 ista
369 3547 441 3609 satis
456 3547 570 3609 referet
585 3546 638 3609 tibi
655 3568 744 3629 saepe
761 3546 928 3608 Menalcas,

141 3630 202 3714 Isy.
223 3630 397 3695 Caussando
412 3639 529 3695 nostros
543 3632 575 3694 in
590 3634 711 3714 longum
727 3632 811 3694 ducis
827 3653 954 3694 amores.

100 3716 142 3780 Et
156 3738 236 3780 nunc
252 3739 338 3780 omne
354 3717 409 3780 tibi
423 3723 552 3780 stratum
568 3718 636 3781 silet
648 3740 761 3801 aequor
774 3737 782 3793 ;
801 3724 832 3780 et
846 3739 959 3796 omnes,

101 3803 225 3886 Aspice,
242 3803 358 3872 ventosi
373 3804 549 3866 ceciderunt
564 3805 725 3866 murmuris
741 3824 843 3865 aurae.
878 3854 880 3859 .
