2496 4334
437 266 598 312 rhamnos
621 267 685 313 LIB.
709 267 742 314 V.

74 421 135 484 Per
150 423 247 486 scelus
263 441 338 491 ecce,
350 420 440 483 etiam
455 419 590 502 Trojanis
604 421 749 484 matribus
764 421 840 484 actis

74 507 198 570 Exussit
212 507 298 569 foede
314 527 440 653 puppes,
455 512 486 567 11
473 507 594 567 tolasse
610 507 729 588 subegit

73 593 193 656 Amissa
209 593 301 654 socios
318 592 386 674 igno
388 599 437 653 tae
452 592 616 672 linqueret
618 612 714 654 errae.

75 677 160 749 Quod
175 684 323 760 superest,
339 698 400 755 or0,
415 677 506 738 liceat
521 676 656 738 daretut
608 682 675 739 a
689 699 745 759 per
758 676 854 740 undas

73 761 713 843 11111111111111111111111111111111111111
730 759 895 846 Thybrim!

77 846 108 910 Si
123 869 264 911 concessa
278 854 358 946 peto,
374 869 399 909 s1
389 847 486 908 dant
502 867 538 908 ea
552 848 669 908 moenia
683 849 809 909 Parcae.

19 1004 24 1013 ,
76 934 152 995 Tum
169 932 223 996 Sat
210 934 327 995 turnius
341 934 415 994 haec
431 921 524 994 domit
511 939 558 994 tor
572 933 661 994 maris
677 932 771 994 edidit
785 934 858 994 1111·1.

73 1019 132 1081 Fas
148 1039 234 1081 omne
251 1025 307 1096 est,
325 1017 488 1101 Cytherea,
504 1018 577 1079 meis
592 1023 622 1079 te
637 1017 731 1080 fidere
747 1018 860 1099 regaie,

74 1104 163 1167 Unde
179 1124 274 1185 genus
290 1104 383 1166 ducis.
430 1102 530 1164 Merui
545 1124 684 1185 quoque:
709 1123 798 1184 saepe
814 1103 930 1166 furores

76 1189 243 1270 Compressi
258 1194 289 1250 et
304 1189 417 1251 rabiem
431 1195 545 1249 tantam
560 1189 693 1270 coelique
708 1189 879 1270 marisque;

75 1274 141 1336 Nec
157 1274 251 1336 minor
265 1274 296 1335 in
311 1275 410 1351 terris,
426 1273 584 1335 Xanthum
601 1272 813 1356 Simoentaque
828 1279 934 1353 testor,

74 1359 199 1421 Aeneae
213 1359 285 1420 mihi
300 1380 373 1421 cura
387 1359 441 1420 tui.
488 1357 587 1431 Quum
602 1360 691 1422 Troia
705 1360 841 1421 Achilles

75 1445 252 1507 Exanimata
265 1465 394 1526 sequens
409 1444 588 1527 impingeret
602 1445 722 1526 agmina
735 1445 839 1523 muris,

74 1529 171 1593 Millia
184 1530 279 1592 multa
293 1530 381 1592 daret
393 1531 465 1608 leto,
481 1538 695 1612 gemerentque
711 1530 819 1614 repleti

75 1615 202 1693 Amnes,
217 1636 274 1678 nec
290 1615 422 1698 reperire
437 1615 516 1677 viam
532 1623 623 1698 atque
639 1617 776 1678 evolvere
792 1620 893 1698 posset

75 1701 113 1763 In
127 1722 209 1763 mare
225 1722 257 1763 se
273 1700 414 1763 Xanthus
427 1720 436 1777 ;
460 1701 583 1764 Pelidae
598 1709 671 1763 tunc
687 1723 743 1783 ego
757 1701 829 1763 forti

77 1785 277 1868 Congressum
291 1786 430 1865 Aenean,
444 1808 501 1849 nec
517 1787 563 1849 dis
577 1808 633 1849 nec
648 1788 760 1849 viribus
776 1785 891 1869 aequis,

75 1870 165 1934 Nube
181 1892 255 1934 cava
270 1872 366 1955 rapui,
382 1893 523 1955 cuperem
538 1894 631 1955 quum
645 1879 764 1935 vertere
780 1873 817 1935 ab
832 1871 891 1934 imo

77 1955 201 2020 Structa
213 1957 287 2019 meis
301 1958 437 2019 manibus
452 1959 591 2041 perjurae
606 1958 723 2020 moenia
737 1958 855 2041 Trojae.

75 2043 166 2104 Nunc
184 2063 301 2125 quoque
317 2064 401 2105 mens
416 2043 522 2105 eadem
536 2050 651 2126 perstat
665 2044 757 2106 mihi:
781 2043 858 2126 pelle
874 2041 1020 2104 timorem.

75 2127 182 2206 Tutus,
198 2149 271 2210 quos
285 2135 381 2210 optati,
396 2135 499 2211 portus
514 2129 639 2191 accedet
654 2128 779 2191 Averni.

75 2212 164 2276 Unus
179 2213 236 2275 erit
250 2219 378 2292 tantum,
394 2215 533 2275 amissum
548 2236 637 2297 quem
652 2214 771 2297 gurgite
787 2219 934 2296 quaeret;

75 2298 178 2362 Unum
192 2319 246 2380 pro
260 2299 360 2361 multis
376 2299 495 2361 dabitur
510 2307 610 2382 caput.

75 2383 133 2446 His
148 2384 199 2445 ubi
213 2385 293 2446 laeta
308 2384 383 2446 deae
398 2385 553 2466 permulsit
567 2391 689 2467 pectora
705 2385 803 2461 dictis,

74 2468 96 2531 J
97 2470 184 2550 ungi
191 2490 290 2550 equos
306 2490 378 2531 auro
394 2470 521 2551 genitor,
537 2470 764 2552 spumantiaque
781 2468 866 2530 addit

74 2553 175 2616 Frena
188 2555 258 2616 feris
262 2555 478 2636 ,manibusque
494 2576 594 2617 omnes
610 2555 734 2617 effundit
748 2555 890 2617 habenas.

76 2638 222 2702 Caeruleo
237 2660 291 2722 per
306 2661 420 2702 summa
434 2641 508 2702 lovis
524 2642 604 2703 volat
591 2648 751 2723 taequora
765 2661 866 2702 curru.

77 2722 241 2786 Subsidunt
255 2724 394 2803 undae,t
381 2725 585 2823 tumidumque
602 2727 655 2788 sub
672 2747 727 2788 axe
744 2724 858 2787 tonanti

77 2807 192 2871 Sternit
179 2817 229 2871 tur
245 2831 356 2892 aequor
371 2811 466 2892 aquis,
482 2811 660 2909 fugiuntque
677 2833 714 2874 ex
729 2817 779 2873 aet
766 2811 851 2872 there
867 2807 968 2870 nimbi.

74 2894 153 2956 Tum
166 2895 267 2957 variae
284 2896 423 2958 comitum
438 2897 549 2971 facies;
572 2898 711 2958 immania
727 2902 805 2973 cete,

75 2979 229 3041 Etsenior
245 2978 353 3042 Glauci
369 2981 475 3042 chorus
479 2981 653 3064 ,Inousque
669 2982 842 3057 Palaemon,

74 3064 140 3126 Trit
128 3072 271 3147 tonosque
288 3065 328 3127 cit
328 3066 349 3144 i,
364 3066 533 3148 Phorcique
549 3067 697 3128 exercitus
712 3066 827 3139 omnis3

74 3149 177 3211 Laeva
191 3156 275 3212 tenet
290 3151 403 3228 Thebe,
419 3158 450 3212 11
464 3151 582 3228 Μ11111,
598 3152 797 3234 Panopeaque
813 3150 908 3232 virg0,

75 3235 207 3313 Nesaee,
225 3234 367 3318 Spioque,
383 3237 547 3319 Thaliaque
565 3235 805 3319 Cymodoceque.

118 3321 178 3383 Hic
194 3321 287 3402 patris
301 3321 426 3382 Aeneae
442 3343 615 3405 suspensam
629 3321 739 3383 blanda
753 3319 882 3383 vicissim

76 3405 196 3469 Gaudia
210 3412 382 3487 portentant
396 3415 546 3469 mentem:
566 3408 654 3490 jubet
669 3407 752 3468 ocius
767 3425 868 3468 omnes

66 3487 184 3554 ¹Attolli
198 3492 302 3568 maloS,
317 3491 431 3552 intendi
445 3492 568 3554 brachia
582 3492 665 3553 volis.

76 3575 146 3639 Una
161 3598 262 3637 omnes
277 3577 377 3637 fecere
393 3577 511 3658 pedem,
527 3578 698 3658 pariterque
715 3576 859 3651 sinistros,

75 3661 108 3723 N
110 3682 167 3723 unc
185 3661 304 3723 dextros
319 3663 433 3723 solvere
448 3663 529 3724 sinus
546 3682 554 3737 ;
577 3683 637 3723 una
652 3661 747 3723 ardua
761 3664 901 3740 torquent

78 3746 198 3810 Cornua
212 3747 472 3830 detorquentque:
495 3748 597 3810 ferunt
612 3767 667 3809 sua
680 3745 798 3808 flamina
813 3745 948 3806 classem.
