2496 4334
128 249 191 314 222
466 265 495 313 r.
520 261 828 310 vrac1m1mraors1s

125 418 300 502 Insequitur
313 417 429 480 nimbus
445 415 588 498 peditum,
604 417 801 500 clypeataque
816 417 885 480 totis

124 504 259 586 Agmina
272 503 436 566 densentur
451 501 573 583 campis,
588 501 763 583 Argivaque
779 502 884 584 pubes,

124 589 348 670 Auruncaeque
363 607 479 664 manus,
495 586 611 665 Rutuli,
630 592 807 669 veteresque
828 587 939 666 Sicani,

125 673 167 736 Et
184 673 335 736 Sacranae
351 673 441 751 acies,
457 678 488 734 et
502 672 575 753 picti
592 678 678 734 scuta
693 671 817 734 Labici:

126 758 184 831 Qui
200 760 303 838 saltus,
319 758 468 836 Tiberine,
484 763 561 834 tuos,
580 777 758 839 sacrumque
772 756 896 819 Numici

124 843 211 906 Litus
227 849 324 922 arant,
342 844 528 925 Rutulosque
545 848 687 904 exercent
702 863 821 904 vomere
837 843 939 920 colles,

126 929 342 1011 Circaeumque
352 929 460 1012 jugum
473 948 496 1002 3„
504 927 570 1009 quis
585 927 708 1008 Jupiter
721 927 865 990 Anxurus
880 927 959 990 arvis

124 1014 292 1092 Praesidet,
308 1019 339 1075 et
353 1012 440 1075 viridi
456 1013 590 1093 gaudens
605 1012 733 1074 Feronia
747 1013 814 1074 luco
828 1032 836 1088 ;

117 1098 192 1171 ,Qua
209 1097 335 1161 Saturae
345 1099 429 1181 jacet
444 1103 510 1159 atra
524 1098 620 1179 palus,
636 1097 811 1179 gehdusque
826 1119 881 1180 per
894 1098 968 1160 imas

125 1183 249 1256 Quaerit
264 1184 322 1245 iter
335 1184 428 1245 valles
443 1188 533 1263 atque
549 1183 580 1243 in
594 1203 677 1243 mare
694 1182 831 1244 conditur
846 1182 953 1245 Ufens.

166 1269 232 1330 Hos
247 1289 338 1351 super
353 1268 474 1329 advenit
489 1267 601 1330 Volsca
616 1267 653 1328 de
670 1273 760 1347 gente
777 1266 914 1345 Camilla,

124 1352 245 1435 Agmen
260 1373 352 1434 agens
368 1353 502 1433 equitum
517 1358 548 1414 et
561 1352 701 1413 florentes
717 1373 786 1414 aere
803 1359 952 1430 catervas,

124 1438 290 1501 Bellatrix:
312 1459 372 1500 non
385 1437 437 1499 illa
451 1438 515 1500 colo
530 1436 691 1505 calathisve
707 1436 863 1500 Minervae

123 1523 281 1585 Femineas
297 1528 417 1586 assueta
431 1541 548 1599 manus,
564 1520 618 1583 se'd
632 1522 745 1603 proelia
759 1523 843 1604 virgo

124 1607 210 1670 Dura
224 1608 297 1690 pati,
313 1628 461 1689 cursuque
476 1606 587 1689 pedum
601 1613 794 1688 praevertere
810 1613 926 1671 ventos.

124 1693 182 1754 Illa
197 1693 245 1754 vel
259 1693 390 1755 intactae
407 1692 517 1773 segetis
531 1711 586 1773 per
601 1712 716 1753 summa
729 1692 844 1755 volaret

125 1775 279 1857 Gramina,
294 1799 351 1840 nec
366 1784 486 1839 teneras
503 1797 593 1839 cursu
606 1776 742 1838 laesisset
757 1778 863 1840 aristas
877 1798 886 1853 ;

124 1862 184 1924 Vel
198 1884 281 1925 mare
297 1883 352 1945 per
365 1862 508 1939 medium,
523 1862 616 1922 fluctu
632 1881 776 1943 suspensa
790 1862 929 1941 tumenti,

124 1946 232 2009 Ferret
246 1948 315 2025 iter,
332 1949 445 2010 celeres
460 1967 516 2008 nec
532 1946 685 2027 tingueret
699 1967 829 2028 aequore
846 1948 974 2031 plantas

124 2031 212 2094 Illam
227 2033 320 2094 omnis
335 2033 423 2094 tectis
435 2032 574 2113 agrisque
591 2031 685 2092 effusa
695 2031 839 2113 juventus

124 2116 284 2200 Turbaque
298 2119 424 2180 miratur
438 2123 567 2178 matrum
582 2122 613 2177 et
627 2122 798 2197 prospectat
813 2122 945 2198 euntem,

123 2201 269 2265 Attonitis
284 2203 400 2264 inhians
415 2202 530 2278 animis,
545 2206 580 2261 ut
594 2201 695 2280 regius
710 2207 789 2264 ostro

124 2286 217 2348 Velet
231 2289 323 2349 honos
337 2288 419 2349 leves
433 2287 583 2362 humeros,
598 2291 633 2346 ut
647 2285 739 2347 fibula
754 2287 866 2349 crinem

124 2369 210 2433 Auro
225 2372 416 2450 internectat,
432 2371 557 2452 Lyciam
573 2374 608 2430 ut
623 2379 708 2450 gerat
723 2371 787 2453 ipsa
801 2372 973 2454 pharetram

124 2455 166 2518 Et
180 2458 360 2541 pastoralem
374 2458 507 2541 praefixa
523 2455 645 2536 cuspide
661 2463 803 2538 myrtum.

496 2696 794 2705 ——-—-—.—-

459 2885 494 2952 A
513 2885 544 2952 E
562 2885 597 2954 N
616 2887 684 2954 EI
703 2888 737 2954 D
757 2887 788 2955 O
808 2887 832 2955 S

488 3064 600 3117 arana
619 3065 803 3118 ocurras.

126 3214 260 3278 Uitelli
275 3215 393 3296 signum
409 3219 553 3281 Laurenti
568 3221 687 3282 Turnus
704 3221 740 3283 ab
757 3242 826 3283 arce

127 3299 254 3378 Extulit,
270 3307 301 3362 et
316 3322 406 3365 rauco
422 3311 615 3386 strepuerunt
630 3327 742 3368 cornua
758 3313 860 3382 cantu,
980 3336 985 3340 ·

126 3384 232 3467 thue
248 3405 333 3448 acres
349 3390 497 3450 concussit
512 3411 614 3472 equos,
630 3398 723 3472 utque
739 3391 855 3473 impuht
870 3409 953 3452 arma
966 3408 975 3466 3

128 3469 285 3550 Extemplo
300 3473 412 3534 turbati
427 3474 527 3552 animi,
543 3476 629 3537 simul
644 3497 729 3537 omne
745 3477 875 3537 tumultu

128 3555 272 3638 Oonjurat
288 3558 403 3639 trepido
419 3559 549 3637 Latium,
565 3561 719 3642 saevitque
730 3563 873 3644 juventus

128 3640 239 3702 Effera.
285 3641 434 3706 Ductores
450 3646 547 3726 primi,
563 3645 721 3728 Messapus
737 3653 768 3707 ot
783 3647 879 3709 Ufens

129 3723 360 3810 Contemtorque
377 3729 467 3791 deum
481 3730 659 3807 Mezentius,
676 3731 807 3814 undique
823 3740 934 3813 cogunt
