2496 4334
450 299 612 349 assumor
634 299 699 346 ΠΒ.
722 299 756 345 X.

99 455 180 518 Hinc
196 460 299 517 contra
314 453 429 516 Lausus
443 473 451 529 ;
473 474 530 515 nec
545 453 672 514 multum
687 451 838 535 discrepat
850 456 956 527 aetas3

99 539 225 622 Egregii
239 540 344 616 forma,
360 538 414 600 sed
429 538 494 620 quis
509 538 629 600 fortuna
643 543 770 618 negarat

98 625 137 686 In
152 624 279 706 patriam
293 623 417 685 reditus.
462 622 547 705 Ipsos
562 641 740 684 concurrere
755 641 859 702 passus

98 709 192 770 Haud
207 714 308 770 tamen
322 709 401 769 inter
415 727 447 770 se
462 707 563 789 magni
578 712 720 788 regnator
737 704 877 789 Olympi:

98 792 172 855 Mox
186 793 251 855 illos
266 813 321 855 sua
335 793 398 854 fata
412 798 535 854 manent
549 793 661 874 majore
676 789 730 852 sub
745 790 841 852 hoste.

140 878 265 939 Interea
280 898 362 939 soror
377 875 454 938 alma
468 882 570 938 monet
584 874 747 937 succedere
763 873 862 936 Lauso

99 960 243 1039 Trn‘num,
259 962 311 1042 qui
325 961 438 1022 volucri
453 981 544 1023 curru
558 959 689 1021 medium
700 964 784 1020 secat
798 978 916 1039 agmen.

99 1046 144 1109 Ut
155 1046 229 1108 vidit
243 1046 356 1108 socios:
380 1045 511 1126 Tempus
527 1043 669 1106 desistere
685 1061 826 1123 pugnae;

101 1129 188 1193 Solus
204 1151 260 1212 ego
274 1130 305 1191 in
320 1130 459 1191 Pallanta
472 1129 553 1190 feror
565 1147 573 1202 ;
601 1127 655 1189 soli
669 1125 742 1188 mibi
757 1127 857 1189 Pallas

99 1214 236 1276 Debetur
249 1234 257 1289 ;
281 1234 421 1295 cuperem
434 1213 498 1294 ipse
513 1232 621 1294 parens
636 1217 787 1293 spectator
802 1211 931 1274 adesset.

98 1298 186 1360 Haec
202 1299 254 1376 ait,
270 1304 301 1359 et
315 1298 386 1359 socii
401 1304 557 1359 cesserunt
571 1317 700 1379 aequore
710 1297 806 1378 jusso.

97 1381 155 1460 At,
170 1382 315 1444 Rutulum
330 1382 481 1459 abscessu,
493 1382 613 1463 juvenis
628 1387 703 1459 tum,
714 1382 800 1463 jussa
814 1378 959 1462 superb'ail
1088 1399 1137 1447 445

99 1466 238 1544 Miratus,
254 1472 355 1547 stupet
369 1466 400 1528 in
415 1466 440 1529 T
579 1485 709 1549 rpusque
724 1466 899 1547 peringens

99 1550 226 1612 Lumina
240 1551 341 1629 volvit,
353 1551 473 1633 obitque
540 1572 568 1614 cr
582 1551 686 1633 procul
701 1550 798 1613 omnia
812 1550 889 1628 visu,

99 1635 220 1697 Talibus
235 1642 266 1697 et
280 1635 368 1698 dictis
382 1637 407 1698 it
422 1642 526 1700 contra
540 1636 622 1699 dicta
637 1634 779 1718 tyranni:

99 1719 165 1781 Aut
179 1721 278 1802 spoliis
294 1741 349 1802 ego
360 1721 424 1803 jam
439 1721 532 1802 raptis
546 1720 691 1782 laudabor
705 1718 820 1803 opimis,
890 1742 893 1747 ·

97 1803 165 1866 Aut
179 1805 239 1867 leto
254 1805 362 1887 insigni
376 1824 384 1879 ;
408 1805 480 1867 sorti
495 1812 582 1887 pater
597 1825 711 1887 aequus
725 1805 846 1886 utrique
861 1808 918 1867 est.

99 1887 182 1950 Tolle
197 1890 301 1950 minas.
345 1889 441 1952 Fatus
455 1890 586 1952 medium
601 1889 736 1972 procedit
750 1889 782 1951 in
796 1909 918 1970 aequor.

98 1971 240 2054 Frigidus
254 1973 425 2036 Arcadibus
442 1975 502 2036 coit
515 1975 547 2036 in
561 1974 737 2056 praecordia
750 1973 883 2054 sanguis.
946 2003 949 2007 ·

99 2057 229 2120 Desiluit
243 2058 361 2120 Turnus
376 2059 484 2141 bijugis
497 2081 504 2120 :
529 2059 621 2141 pedes
637 2058 821 2141 apparat-ire

101 2140 281 2204 Comminus.
326 2142 431 2224 thue
446 2145 504 2221 leo,
519 2145 642 2225 specula
657 2163 750 2225 quum
764 2141 840 2204 vidit
854 2139 892 2204 ab
907 2140 968 2202 alta

102 2224 190 2290 Stare
205 2228 308 2308 procul
324 2227 434 2309 campis
449 2228 644 2291 meditantem
657 2229 689 2290 in
700 2227 812 2310 proelia
826 2232 957 2302 taurum,

99 2310 254 2373 Advolat:
278 2311 358 2373 haud
374 2312 432 2374 alia
447 2319 494 2374 est
506 2312 600 2374 Turni
615 2313 763 2375 venientis
777 2311 886 2392 imago.

100 2395 193 2458 Hunc
208 2396 260 2456 ubi
276 2397 448 2478 contiguum
462 2397 569 2459 missae
584 2397 647 2458 fore
663 2396 792 2458 credidit
805 2396 922 2471 hastae,

100 2479 152 2541 Ire
168 2481 247 2562 prior
262 2481 374 2559 Pallas,
386 2482 411 2542 si
426 2503 486 2563 qua
500 2483 561 2543 fors
577 2480 699 2564 adjuvet
714 2501 826 2563 ausum

100 2564 225 2627 Viribus
240 2565 412 2647 imparibus,
427 2587 627 2648 magnumque
642 2566 685 2627 ita
700 2565 740 2628 ad
754 2565 878 2627 aethera
891 2561 972 2624 fatur
984 2583 999 2644 τΙ

101 2648 164 2711 Per
177 2650 270 2731 patris
284 2650 443 2731 hospitium
458 2658 489 2712 et
502 2671 632 2729 mensas,
648 2671 722 2733 quas
737 2649 854 2712 advena
868 2646 966 2726 adisti,

102 2732 145 2795 Te
161 2755 277 2816 precor,
292 2735 412 2812 Alcide,
428 2736 540 2817 coeptis
555 2735 726 2816 ingentibus
741 2732 838 2797 adsis!

103 2817 215 2881 Cernat
230 2819 370 2881 semineci
385 2819 440 2880 sibi
453 2840 501 2881 me
516 2840 623 2901 rapere
639 2840 722 2881 arma
738 2824 875 2896 cruenta,

102 2903 318 2985 Victoremque
333 2904 433 2965 ferant
446 2904 603 2966 morientia
616 2905 729 2966 lumina
744 2903 847 2966 Turni.

102 2987 210 3049 Audiit
224 2986 348 3050 Alcides
358 2989 514 3070 juvenem,
528 3009 730 3071 magnumque
745 2988 800 3051 sub
815 2989 874 3050 imo

104 3071 203 3136 Corde
218 3073 327 3154 premit
341 3073 495 3153 gemitum,
507 3074 714 3156 lacrymasque
730 3071 855 3134 effundit
869 3071 982 3133 inanes.

104 3157 181 3220 Tum
196 3157 314 3237 genitor
328 3162 431 3218 natum
446 3156 533 3219 dictis
549 3157 656 3219 affatur
670 3157 792 3219 amicis:

106 3241 175 3304 Stat
190 3261 245 3302 sua
261 3241 368 3323 cuique
385 3241 469 3317 dies3
491 3242 583 3304 breve
599 3248 630 3303 et
644 3240 838 3324 irreparabile
854 3244 971 3321 tompus

107 3326 251 3389 Omnibus
267 3331 313 3387 est
325 3326 403 3387 vitae
417 3344 426 3401 ;
449 3325 502 3388 sed
517 3325 626 3387 famam
641 3325 804 3389 extendere
819 3324 918 3403 factis,

105 3409 174 3472 Hoc
189 3410 308 3472 virtutis
323 3430 405 3491 opus.
451 3410 557 3493 Trojae
573 3411 628 3472 sub
643 3411 796 3472 moenibus
811 3410 879 3472 altis

106 3494 164 3557 Tot
178 3494 241 3556 nati
257 3495 392 3556 cecidere
409 3494 498 3556 deum
511 3514 519 3569 ;
544 3496 616 3577 quin
631 3496 740 3557 occidit
754 3515 814 3557 una
1096 3505 1143 3554 470

109 3578 276 3660 Sarpedon,
291 3600 358 3640 mea
372 3579 539 3660 progenies.
585 3580 685 3642 Etiam
701 3601 756 3641 sua
770 3579 904 3641 Turnum

107 3663 186 3725 Fata
200 3670 318 3741 vocant,
332 3671 487 3745 metasque
503 3663 566 3725 dati
582 3665 719 3749 pervenit
734 3663 773 3725 ad
788 3663 864 3725 aevi.

110 3746 161 3812 Sic
177 3748 230 3826 ait,
242 3753 331 3830 atque
347 3749 447 3812 ocubs
462 3749 643 3812 Rutulorum
657 3749 754 3833 repicit
766 3746 855 3811 arvis.
