2496 4334
156 263 218 328 286
494 283 523 327 1.
546 279 689 328 vmomu
711 279 856 328 umerus

156 432 278 496 Circum
292 431 385 495 omnis
401 431 604 515 famulumque
618 453 724 496 manus
739 433 927 517 Trojanaque
942 434 1031 499 turba

155 517 197 579 Et
211 524 357 580 maestum
371 516 483 579 Iliades
498 517 611 579 crinem
625 518 664 580 de
679 539 760 580 more
775 520 901 582 solutae.

155 602 200 665 Ut
214 623 285 664 vcro
300 598 422 664 Aeneas
436 601 548 664 foribus
564 623 629 664 sese
644 603 745 664 intulit
759 604 838 682 altis,

154 685 314 768 Ingentem
330 687 474 768 gemitum
487 688 583 749 tunsis
599 687 637 749 ad
652 687 751 750 sidera
765 689 873 751 tollunt

154 771 342 849 Pectoribus,
357 777 530 854 maestoque
545 772 683 854 immugit
696 772 781 854 regia
794 773 889 836 luctu.

154 853 238 936 Ipse,
253 863 344 938 caput
357 855 437 917 nivei
450 857 559 918 fultum
574 856 718 919 Pallantis
734 863 766 919 et
779 878 832 920 cra

154 939 200 1003 Ut
214 939 299 1018 vidit,
314 940 432 1022 levique
447 947 553 1022 patens
567 941 599 1002 in
612 947 734 1024 pectore
749 943 857 1004 vulnus

155 1023 294 1108 Cuspidis
307 1024 472 1103 Ausoniae,
486 1025 627 1109 lacrymis
640 1026 685 1088 ita
698 1026 780 1088 fatur
793 1026 924 1089 obortis:

154 1109 249 1187 Tene,
263 1109 371 1191 inquit,
386 1109 554 1172 miserande
571 1132 657 1192 puer,
673 1131 740 1173 cum
755 1111 836 1173 laeta
850 1112 977 1190 veniret,

153 1193 268 1257 Invidit
281 1195 415 1257 Fortuna
429 1195 511 1271 mihi,
526 1215 564 1256 ne
579 1216 673 1277 regna
687 1195 805 1258 videres

153 1279 277 1358 Nostra,
292 1299 390 1360 neque
406 1279 445 1340 ad
459 1279 546 1341 sedes
561 1280 656 1343 victor
670 1279 814 1343 veherere
829 1278 996 1363 paternas?

153 1363 185 1426 N
186 1384 224 1426 on
238 1364 312 1425 haec
328 1363 469 1425 Evandro
484 1363 521 1425 de
538 1369 569 1425 te
584 1365 727 1446 promissa
743 1366 860 1447 parenti

152 1448 321 1511 Discedens
336 1448 489 1526 dederam,
504 1467 573 1510 eum
586 1469 634 1510 me
650 1450 820 1531 complexus
835 1453 957 1512 euntem
1027 1452 1029 1455 ’

152 1533 292 1595 Mitteret
304 1533 337 1594 iu
350 1553 492 1614 magnum
506 1532 674 1614 imperium,
688 1540 884 1616 metuensque
899 1538 1036 1598 moneret

152 1617 252 1680 Acres
267 1638 332 1680 esse
348 1617 437 1695 viros,
454 1637 523 1679 cum
538 1617 614 1680 dura
628 1618 741 1700 proelia
755 1628 856 1700 gente.

153 1701 196 1764 Et
211 1723 290 1765 nune
305 1703 355 1764 ille
371 1701 492 1784 quidem
506 1722 559 1784 spe
573 1704 699 1764 multum
714 1709 819 1785 captus
834 1703 915 1765 inani

152 1785 228 1850 Fors
243 1793 274 1848 et
288 1793 359 1849 vota
371 1787 456 1865 facit,
471 1787 662 1869 cumulatque
678 1787 784 1850 altaria
798 1787 882 1850 donis
895 1807 904 1864 ;

152 1871 217 1935 Nos
228 1873 371 1954 juvenem
386 1872 554 1933 exanimum
569 1879 601 1933 et
615 1873 656 1933 nil
666 1873 730 1955 jam
746 1873 922 1935 coelestibus
935 1871 1004 1933 ullis

152 1956 321 2019 Debentem
336 1977 412 2019 vano
426 1956 533 2018 maesti
547 1957 721 2019 comitamur
734 1957 856 2020 honore.

151 2040 273 2120 Infelix,
287 2041 349 2103 nati
364 2042 454 2103 funus
469 2041 590 2104 crudele
605 2041 739 2106 videbis!

151 2127 195 2189 Hi
210 2126 303 2189 nostri
317 2126 444 2207 reditus,
460 2128 684 2209 exspectatique
699 2125 867 2209 triumphi?

132 2278 135 2284 ,
151 2211 239 2273 Haec
251 2231 319 2272 mea
333 2231 443 2292 magna
456 2210 557 2273 fides?
600 2211 646 2273 At
660 2233 730 2289 non,
746 2211 900 2288 Euandre,
914 2207 1063 2291 pudendis
1155 2233 1189 2280 55
1217 2240 1221 2248 ·

151 2296 335 2358 Vulneribus
349 2297 467 2378 pulsum
482 2295 638 2377 adspicies,
653 2317 710 2358 nec
726 2297 835 2379 sospite
851 2295 949 2357 dirum

153 2379 278 2463 Optabis
292 2386 362 2443 nato
377 2381 466 2442 funus
482 2386 577 2462 pater.
622 2380 684 2443 Hei
698 2382 781 2459 mihi,
797 2389 941 2462 quantum

151 2464 339 2527 Praesidium
353 2460 499 2543 Ausonia,
516 2472 547 2526 et
562 2472 706 2546 quantum
721 2472 755 2526 tu
769 2466 881 2548 perdia,
897 2465 963 2529 Iule
976 2464 984 2529 1

193 2550 281 2612 Haec
297 2550 347 2611 ubi
359 2549 490 2626 deflevit,
506 2550 568 2612 tolli
582 2550 748 2612 miserabile
764 2571 871 2632 corpus

150 2635 296 2717 Imperat,
314 2641 345 2696 et
359 2640 420 2696 toto
435 2635 528 2695 lectos
543 2655 581 2696 ex
596 2635 713 2716 agmine
728 2635 819 2696 mittit
849 2700 850 2703 Ἴ

150 2720 235 2781 Mille
251 2720 339 2797 viros,
355 2719 406 2802 qui
421 2739 593 2800 supremum
608 2719 786 2781 comitentur
800 2720 953 2799 honorem,

150 2803 354 2886 Intersintque
370 2804 463 2886 patris
478 2803 629 2887 lacrymis,
645 2804 749 2866 solatia
761 2805 861 2866 luctus

150 2887 271 2969 Exigua
284 2889 424 2970 ingentis,
439 2888 547 2951 misero
562 2888 615 2950 sed
630 2887 730 2949 debita
744 2889 833 2970 patri.

150 2971 245 3035 Haud
260 2993 366 3054 segnes
381 2973 431 3034 alii
446 2979 543 3035 crates
559 2979 590 3035 et
603 2973 691 3034 molle
702 2973 847 3035 feretrum

149 3057 295 3120 Arbuteis
310 3064 416 3120 texunt
430 3057 522 3139 virgis
537 3065 569 3121 et
582 3057 691 3119 vimine
707 3078 831 3138 querno,
865 3114 867 3117 .

179 3148 386 3225 xstructosque
401 3150 448 3205 tor
466 3163 480 3204 s
496 3143 619 3204 obtentu
634 3142 680 3205 fro
702 3142 747 3204 dis
760 3138 940 3205 inumbrant.

149 3225 210 3289 Hic
221 3227 364 3308 juvenem
379 3164 613 3372 Ᾰὲὣὲωξω
676 3248 690 3289 s
801 3249 817 3289 e
833 3234 968 3310 ponunt,

150 3311 276 3384 Qualem
290 3311 424 3392 virgineo
460 3331 607 3372 emessum
621 3333 658 3394 pc
680 3333 726 3373 rce
741 3308 873 3393 florem]

151 3395 213 3459 Seu
227 3396 321 3458 mollis
336 3395 443 3474 violae,
459 3415 513 3456 seu
526 3396 695 3476 languentis
710 3397 876 3479 hyacinthi,

150 3482 206 3544 Cui
219 3501 318 3561 neque
333 3480 432 3562 fulgor
446 3480 544 3542 adhuc
559 3501 615 3542 nec
631 3481 702 3541 dum
717 3502 772 3544 sua
785 3482 881 3552 forma
894 3482 1019 3545 recessit
1031 3502 1039 3559 3

148 3566 181 3628 N
182 3588 221 3629 on
230 3567 294 3648 jam
308 3572 405 3628 mater
420 3566 473 3628 alit
486 3566 575 3628 tellus
591 3566 729 3647 viresque
744 3567 920 3657 ministrat]

175 3673 225 3712 um
240 3651 374 3732 geminas
389 3658 488 3714 vestes
501 3671 632 3732 auroque
648 3657 787 3732 ostroque
803 3651 935 3733 rigentes
980 3674 982 3676 ’

148 3735 267 3798 Extuht
280 3736 414 3816 Aeneas,
430 3757 504 3819 quas
517 3736 560 3797 illi
574 3737 655 3798 laeta
668 3736 803 3799 laborum
