2496 4334
473 287 634 335 hramnus
648 288 713 335 m.
736 289 785 336 1x.

111 439 192 504 Talis
206 440 238 503 in
253 439 385 503 Euboico
400 439 543 503 Baiarum
556 441 642 504 litore
657 440 807 522 quondam

112 523 212 590 Saxea
225 525 286 609 pila
301 526 391 604 cadit,
407 524 521 607 magnis
537 547 626 607 quam
639 526 764 589 molibus
779 531 848 588 ante

111 608 321 673 Constructam
335 616 424 693 ponto
434 611 553 693 jaciunt
565 631 573 686 3
596 610 638 673 sic
653 610 704 672 illa
718 610 835 673 ruinam

110 693 211 757 Prona
227 694 330 773 trahit,
345 695 522 778 penitusque
538 695 622 758 vadis
636 695 713 758 ilhsa
727 695 874 758 recumbit
886 714 895 771 ;

110 779 241 842 Miscent
255 801 287 842 se
300 780 394 842 maria
407 786 439 842 et
453 780 556 861 nigrae
571 781 748 843 attolluntur
762 801 871 843 menae
885 800 894 856 ;

109 863 186 927 Tum
201 865 300 927 sonitu
314 864 467 948 Prochyta
481 867 542 928 alta
556 866 668 942 tremit,
683 864 850 948 durumque
866 863 963 928 cubile

109 947 240 1011 Inarime
255 949 277 1012 J
278 949 340 1012 ovis
354 949 483 1031 imperiis
498 950 624 1032 imposta
639 948 791 1033 Typhoeo.

152 1034 212 1096 Hic
229 1034 313 1096 Mars
327 1035 506 1115 armipotens
521 1035 651 1097 animum
667 1035 803 1116 viresque
819 1032 934 1097 Iatinis

109 1115 248 1197 Addidit,
264 1125 295 1181 et
309 1120 442 1181 stimulos
457 1139 542 1182 acres
556 1120 612 1183 sub
621 1125 748 1202 pectore
764 1119 866 1196 vertit,

109 1203 293 1286 Immisitque
309 1204 412 1286 fugam
427 1204 550 1266 Teucris
565 1210 722 1286 atrumque
737 1204 882 1266 timorem.

108 1287 250 1371 Undique
266 1288 456 1365 conveniunt,
471 1289 610 1370 quoniam
625 1288 696 1352 data
711 1289 796 1372 copia
809 1308 940 1372 pugnae,

108 1373 301 1455 Bellatorque
317 1374 413 1436 anime
427 1375 500 1436 deus
517 1375 630 1436 incidit.

108 1457 265 1521 Pandarus
280 1465 315 1520 ut
328 1459 395 1521 fuso
410 1480 583 1541 germanum
599 1479 721 1541 corpore
736 1459 844 1539 cernit,

108 1542 150 1605 Et
165 1564 224 1624 quo
237 1543 277 1605 sit
290 1544 411 1606 fortuna
424 1546 500 1622 loco,
515 1544 567 1626 qui
582 1564 668 1606 casus
683 1549 756 1626 agat
769 1565 818 1608 res
832 1567 840 1608 :

108 1627 230 1690 Portam
244 1627 273 1690 vi
287 1629 381 1690 multa
396 1650 538 1691 converso
553 1629 675 1692 cardine
691 1635 822 1712 torquet,

109 1711 242 1775 Obnixus
256 1712 324 1776 latis
337 1713 480 1792 humeris,
495 1715 662 1797 multosque
678 1735 799 1776 suorum

106 1796 264 1860 Moenibus
280 1799 414 1862 exclusos
429 1798 504 1861 duro
518 1799 550 1860 in
565 1798 726 1862 certamine
741 1799 849 1882 linquit
862 1819 871 1877 3

105 1881 166 1944 Ast
182 1882 254 1945 alios
269 1903 371 1946 secum
385 1884 510 1946 includit
523 1884 688 1966 recipitque
703 1891 835 1964 ruentes,

106 1966 249 2044 Demens,
265 1969 317 2050 qui
331 1968 476 2030 Rutulum
491 1969 522 2030 in
535 1969 633 2032 medio
647 1991 706 2031 non
722 1970 840 2052 agmine
854 1991 958 2055 regem

105 2050 226 2113 Viderit
239 2052 464 2134 irrumpentem,
478 2054 616 2135 ultroque
630 2054 785 2116 incluserit
798 2055 877 2135 urbi,

104 2134 270 2199 Immunem
284 2138 378 2199 veluti
391 2159 501 2220 pecora
513 2139 594 2200 inter
608 2138 716 2200 inertia
731 2138 841 2220 tigrim.

105 2219 252 2283 Continuo
266 2243 344 2284 nova
357 2223 408 2284 lux
423 2224 515 2285 oculis
530 2223 649 2301 effulsit,
661 2228 693 2285 et
707 2243 791 2287 arma

104 2304 296 2367 Horrendum
312 2328 459 2383 sonuere3
482 2314 614 2370 tremunt
627 2309 658 2370 in
673 2309 785 2371 vertice
801 2309 910 2373 cristae

106 2388 305 2472 sanguineae,
321 2393 485 2474 clypeoque
499 2393 640 2455 micantia
654 2392 778 2455 fulmina
791 2395 893 2456 mittit.

102 2471 283 2555 Agnoscunt
297 2477 404 2539 faciem
418 2477 543 2540 invisam
558 2484 648 2559 atque
664 2477 804 2540 immania
818 2479 952 2543 membra

102 2559 228 2621 Turbati
241 2561 338 2623 subito
353 2562 527 2624 Aeneadae.
573 2562 650 2624 Tum
665 2561 822 2626 Pandarus
835 2563 941 2645 ingens

103 2644 232 2722 Emicat,
249 2651 280 2707 et
293 2646 396 2708 mortis
410 2647 561 2709 fraternae
575 2646 708 2710 fervidus
723 2647 770 2711 ira

102 2727 240 2791 Effatur:
265 2730 335 2792 Non
348 2731 423 2793 haec
439 2732 545 2794 dotalis
560 2732 645 2812 regia
658 2731 800 2808 Amatae,

101 2813 134 2873 N
136 2834 169 2875 ee
185 2814 276 2876 muris
292 2815 409 2878 cohibet
423 2817 526 2898 patriis
540 2817 639 2879 media
653 2814 759 2879 Ardea
773 2817 929 2894 Turnum

102 2896 211 2960 Castra
224 2899 343 2961 inimica
357 2900 461 2976 vides3
484 2902 566 2963 nulla
579 2902 647 2964 hinc
664 2902 745 2964 exire
760 2909 902 2985 potestas.

102 2981 163 3044 Olli
178 2983 333 3046 subridens
348 2985 452 3048 sedato
466 2993 586 3067 pectore
602 2987 738 3048 Turnus:

99 3067 216 3149 Incipe,
232 3069 257 3130 si
273 3089 333 3151 qua
348 3070 444 3132 animo
459 3071 564 3149 virtus,
580 3077 612 3132 et
626 3090 747 3132 consere
763 3070 922 3135 dextram:

99 3151 160 3214 Hic
177 3153 265 3215 etiam
280 3154 433 3216 inventum
448 3154 567 3217 Priamo
583 3155 717 3217 narrabis
731 3155 883 3218 Achillen.

99 3235 227 3298 Dixerat
240 3258 248 3312 ;
271 3239 320 3300 ille
336 3239 441 3301 rudem
456 3240 540 3302 nodis
556 3247 587 3302 et
602 3240 711 3302 cortice
727 3240 820 3304 crudo

99 3321 258 3403 Intorquet
271 3325 391 3386 summis
406 3325 531 3387 adnixus
546 3325 656 3388 viribus
670 3326 798 3388 hastam.

98 3406 254 3488 Excepere
272 3429 383 3471 aurae:
408 3411 515 3471 vulnus
532 3408 673 3472 Satunria
686 3411 769 3473 June

98 3490 233 3553 Detonsit
248 3493 380 3571 veniens,
398 3501 562 3576 portaeque
576 3495 711 3576 infigitur
724 3497 821 3558 hasta.

97 3574 143 3636 At
157 3598 217 3637 non
231 3578 286 3639 hec
302 3579 406 3656 telum,
421 3600 489 3640 mea
503 3579 583 3661 quod
598 3580 627 3641 vi
642 3580 767 3642 dextera
782 3587 892 3660 versat,

97 3660 252 3741 Effugies:
275 3683 373 3744 neque
390 3664 468 3725 enim
482 3665 507 3726 is
523 3665 575 3727 teli
589 3685 645 3726 nee
663 3665 793 3727 vulneris
809 3672 923 3730 auctor.

98 3743 148 3807 Sic
165 3746 216 3824 ait,
233 3753 264 3808 et
278 3747 427 3810 sublatum
443 3750 501 3811 alte
518 3750 672 3831 consurgit
686 3749 717 3810 in
732 3770 845 3829 ensem,
