2496 4334
144 241 207 307 272
477 260 506 306 r.
531 259 672 307 vraemu
693 258 837 306 uaaours

145 412 226 475 Nam
240 411 304 491 tibi,
316 411 479 497 Thymbre,
495 417 586 494 caput
602 409 772 474 Evandrius
787 411 910 476 abstulit
924 413 1022 492 ensis3

144 497 188 560 Te
203 497 305 560 decisa
319 517 417 575 suum,
432 495 553 574 Laride,
569 496 694 558 dextera
708 497 836 578 quaerit,

146 581 400 665 Semianimesque
415 581 527 644 micant
541 580 627 662 digiti
638 581 810 663 ferrumque
822 589 998 647 retractant.

143 666 281 729 Arcadas
297 687 437 729 accensos
452 665 576 744 monitu,
592 671 623 728 et
637 666 791 748 praeclara
805 674 925 731 tuentes

143 750 239 813 Facta
253 750 319 828 uiri,
331 751 441 813 mixtus
456 750 540 813 dolor
554 756 585 812 et
599 750 696 832 pudor
710 757 806 813 armat
819 753 851 813 in
865 753 975 816 hostes.

143 835 220 898 Tum
235 835 336 898 Pallas
350 835 458 919 bijugis
473 835 639 915 fugientem
653 834 790 897 Rhoetea
803 845 925 918 praeter

143 920 276 1003 Trajicit.
322 920 390 983 Hoc
406 920 545 1002 spatium,
560 925 736 1001 tantumque
750 941 850 984 morae
865 921 923 985 fuit
937 921 1004 986 Ilo:

143 1004 189 1067 Ilo
204 1025 332 1087 namque
348 1006 451 1088 procul
466 1004 594 1066 validam
609 1004 760 1066 direxerat
773 1004 901 1085 hastam,

144 1088 242 1162 Quam
257 1089 373 1152 medius
388 1089 541 1151 Rhoeteus
555 1088 718 1170 intercipit,
733 1089 841 1170 optime
858 1091 1003 1173 Teuthra,

143 1174 187 1237 Te
203 1174 322 1256 fugiens
337 1174 521 1255 fratremque
537 1173 639 1256 Tyren
652 1193 661 1248 ;
684 1193 833 1255 curruque
849 1177 967 1240 volutus

145 1257 252 1321 (laedit
266 1258 444 1320 semianimis
460 1258 639 1319 Rutulorum
654 1257 784 1320 calcibus
796 1279 878 1323 arva.

142 1343 192 1406 Ac
208 1344 301 1422 velut,
313 1349 414 1425 optato
425 1343 522 1405 ventis
538 1347 651 1405 aestate
668 1343 786 1421 coortis,

144 1427 288 1510 Dispersa
301 1427 433 1490 immittit
443 1427 524 1490 silvis
537 1426 677 1489 incendia
691 1434 792 1509 pastor
804 1447 813 1504 ;

145 1511 297 1595 Correptis
312 1512 409 1576 subito
423 1512 539 1590 mediis,
551 1511 723 1574 extenditur
737 1534 797 1575 una

144 1595 277 1660 Horrida
290 1607 346 1680 per
359 1597 434 1659 latos
449 1597 528 1658 acies
543 1595 695 1661 Vulcania
708 1617 828 1681 campos
841 1616 849 1674 ;

143 1680 201 1742 Hle
216 1681 322 1743 sedens
337 1681 578 1744 victorflammas
593 1681 748 1764 despectat
763 1690 906 1745 ouantes:

144 1764 215 1828 Non
230 1766 316 1828 aliter
330 1766 442 1828 socium
457 1766 550 1829 virtus
566 1766 625 1828 coit
639 1766 731 1829 omnis
745 1767 777 1828 in
791 1788 894 1845 unum,

144 1848 247 1932 Teque
257 1851 356 1934 juvat,
372 1850 468 1913 Palla.
516 1848 577 1912 Sed
591 1851 675 1913 bohis
691 1871 761 1914 acer
775 1851 925 1914 Halaesus

143 1934 253 1997 Tendit
267 1935 298 1996 in
313 1935 464 2013 adversos,
479 1954 571 2017 seque
586 1933 618 1997 in
631 1955 687 1998 sua
701 1936 814 2018 colligit
829 1957 922 1999 arma.

143 2018 205 2083 Hic
219 2024 332 2082 mactat
344 2019 468 2082 Ladona
478 2019 669 2102 Pheretaque
681 2020 944 2104 Demodocumque
956 2041 965 2098 ;

145 2102 318 2189 Strymonio
333 2104 469 2167 dextram
482 2104 610 2186 fulgenti
625 2105 733 2188 deripit
746 2125 816 2168 ense

132 2188 264 2252 -Hlatam
278 2189 309 2251 in
319 2190 460 2272 jugulum
473 2208 481 2266 3
504 2209 575 2251 saxo
589 2189 660 2251 ferit
674 2210 727 2253 cra
741 2189 894 2269 Thoantis,

145 2271 280 2356 Ossaque
296 2273 435 2356 dispersit
450 2273 572 2336 cerebro
586 2274 733 2356 permixta
744 2281 879 2338 cruento.

143 2357 220 2420 Fata
234 2378 344 2421 canens
359 2358 440 2422 silvis
455 2357 572 2440 genitor
587 2359 699 2420 celarat
713 2357 879 2423 Halaesum
891 2377 901 2434 ;

143 2441 190 2504 Ut
204 2443 302 2506 senior
315 2444 376 2508 leto
391 2443 528 2506 canentia
542 2442 653 2505 lumina
665 2445 762 2520 solvit,

143 2527 281 2610 Injecere
296 2549 417 2590 manum
431 2529 547 2591 Parcae
562 2528 689 2610 telisque
704 2532 861 2590 sacrarunt

144 2612 288 2674 Evandri.
334 2612 430 2684 Quem
445 2613 487 2675 sic
503 2612 604 2674 Pallas
619 2612 695 2694 petit
709 2618 779 2674 ante
790 2617 930 2694 precatus
943 2634 951 2675 :

143 2696 193 2760 Da
207 2718 298 2775 nunc,
310 2697 423 2779 Thybri
438 2704 534 2779 pater,
546 2697 637 2775 ferro,
652 2696 732 2778 quod
745 2696 854 2759 missile
868 2697 955 2777 libro,

143 2780 308 2844 Fortunam
323 2788 413 2864 atque
429 2782 506 2844 viam
521 2781 589 2843 duri
603 2802 658 2863 per
672 2788 778 2863 pectus
793 2781 928 2843 Halaesi.

140 2865 231 2936 ,Ilaec
247 2887 330 2928 arma
345 2866 526 2947 exuviasque
541 2865 598 2927 viri
612 2871 665 2928 tua
680 2886 808 2947 quercus
821 2865 953 2928 habebit.

143 2950 251 3013 Audiit
265 2952 316 3013 illa
331 2950 424 3012 deus:
449 2951 520 3012 dum
534 2950 610 3011 texit
624 2950 748 3012 lmaona
763 2950 924 3029 Halaesus,

142 3035 277 3098 Arcadio
290 3035 393 3097 infelix
405 3036 465 3098 telo
480 3035 533 3097 dat
548 3040 653 3117 pectus
668 3035 825 3096 inermum.

143 3120 189 3182 At
203 3141 263 3182 non
277 3120 370 3182 caede
387 3120 443 3181 viri
459 3126 544 3183 tanta
558 3119 718 3201 perterrita
733 3119 861 3197 Lausus,

144 3203 220 3267 Pars
234 3205 340 3285 ingens
354 3205 435 3281 belli,
451 3205 520 3266 sinit
535 3204 674 3285 agmina:
698 3204 811 3286 primus
825 3204 978 3266 Abantem

146 3287 322 3371 Oppositum
335 3289 490 3366 interimit,
505 3309 623 3370 pugnae
638 3289 809 3370 nodumque
822 3309 1005 3371 moramque.

146 3372 298 3436 Sternitur
311 3372 464 3435 Arcadiae
479 3374 587 3454 proles,
603 3380 778 3435 sternuntur
792 3373 926 3452 Etrusci,

144 3460 186 3522 Et
201 3479 264 3537 vos,
279 3479 297 3520 o
313 3456 412 3520 Graiis
426 3456 586 3539 imperdita
600 3478 735 3540 corpora,
750 3459 870 3520 Teucri.
1136 3478 1183 3525 430

144 3543 277 3625 Agmina
292 3548 474 3605 concurrunt
488 3541 672 3624 ducibusque
689 3550 720 3605 et
734 3543 845 3606 viribus
861 3541 964 3625 aequis
979 3561 987 3618 ;
1014 3620 1018 3628 .

145 3627 281 3690 Extremi
296 3626 463 3691 addensent
477 3627 568 3704 acies,
577 3647 633 3688 nec
648 3629 737 3690 turba
751 3628 863 3689 moveri

145 3711 218 3775 Tela
231 3733 396 3796 manusque
413 3713 492 3776 sinit.
537 3711 619 3774 Hinc
635 3711 735 3775 Pallas
749 3713 842 3775 instat
856 3718 888 3775 et
902 3716 1023 3794 urguet,
