2496 4334
449 273 609 320 assumes
632 276 696 321 ma.
721 276 781 322 v11.
1076 259 1137 322 203

98 427 235 491 Aethera
247 427 419 490 mulcebant
435 433 536 506 cantu,
551 429 678 510 lucoque
693 429 842 493 volabant.

97 513 236 576 Flectere
251 514 309 574 iter
323 513 409 575 sociis
426 519 585 596 terraeque
600 513 758 576 advertere
773 535 876 597 proras
1107 533 1138 581 35

97 599 242 681 Imperat,
258 605 290 660 et
304 599 400 660 laetus
413 599 503 660 fluvio
517 599 652 660 succedit
666 620 767 682 opaco.

140 683 231 746 Nunc
247 704 315 764 age,
330 683 381 765 qui
395 704 494 764 reges,
509 682 614 762 Erato,
630 705 707 766 quae
722 691 857 767 tempora
871 703 983 763 rerum,

99 765 171 840 Quis
187 768 276 830 Latio
292 769 413 851 antiquo
427 768 519 830 fuerit
533 775 639 847 status,
655 769 771 831 advena
785 771 910 833 classem

99 851 198 925 Quum
213 853 340 936 primum
354 853 496 915 Ausoniis
512 855 661 916 exercitus
677 855 791 936 appulit
810 856 887 933 oria,

98 937 275 1021 Expediam,
291 945 323 1000 et
336 939 448 1020 primae
462 939 607 1001 revocabo
626 939 747 1001 exordia
761 961 890 1022 pugnae.

98 1023 144 1085 Tu
158 1030 270 1100 vatem,
286 1029 330 1102 tu,
345 1023 425 1101 diva,
440 1022 545 1087 monol
590 1023 698 1086 Dicam
712 1025 832 1086 horrida
847 1025 935 1103 bella,

98 1108 206 1170 Dicam
222 1108 312 1186 acies,
329 1114 470 1190 actosque
486 1109 590 1171 animis
605 1109 636 1171 in
651 1108 758 1170 funera
772 1129 871 1191 reges,

98 1193 343 1275 Tyrrhenamque
359 1213 490 1271 manum,
505 1200 657 1275 totamque
673 1194 728 1256 sub
744 1215 826 1256 arma
842 1200 976 1256 coactam

98 1277 288 1361 Hesperiam.
334 1277 433 1361 Major
447 1299 548 1340 rerum
561 1279 633 1340 mihi
647 1279 780 1340 nascitur
794 1279 865 1342 ordo
879 1299 887 1355 3

98 1361 199 1447 Majus
213 1383 286 1445 epus
300 1383 413 1424 moveo.
459 1364 527 1424 Rex
541 1384 614 1425 arva
628 1362 753 1426 Latinus
769 1370 800 1425 et
814 1365 903 1427 urbes

98 1447 120 1510 J
121 1469 169 1509 am
184 1448 283 1510 senior
295 1448 384 1530 longa
397 1449 529 1530 placidas
544 1449 574 1509 in
590 1469 664 1531 pace
680 1449 814 1530 regebat.

99 1532 190 1595 Hunc
205 1533 310 1594 Fauno
325 1540 357 1594 et
370 1534 502 1616 nympha
515 1534 649 1615 genitum
664 1532 815 1596 Laurente
830 1534 948 1598 Marica

84 1617 290 1700 .Accipimus;
313 1617 417 1679 Fauno
433 1617 523 1680 Picus
538 1626 625 1700 pater
638 1638 646 1694 ;
669 1620 753 1700 isque
769 1626 925 1702 parentem

99 1702 153 1780 Te,
171 1701 312 1780 Saturne,
328 1703 421 1764 refert
435 1724 443 1778 ;
466 1709 500 1764 tu
515 1704 665 1784 sanguinis
680 1705 801 1767 ultimus
817 1710 930 1767 auctor.

99 1787 192 1850 Filius
207 1787 288 1866 huie,
303 1787 365 1850 fato
381 1788 492 1866 divum,
508 1789 665 1871 prolesque
682 1790 772 1851 virilis

99 1873 193 1935 Nulla
208 1872 276 1951 fuit,
291 1873 444 1955 primaque
460 1874 556 1936 oriens
572 1880 677 1956 erepta
686 1875 813 1957 juventa
829 1879 884 1936 est.

102 1956 172 2020 Sola
186 1957 306 2020 domum
321 1964 352 2020 et
367 1965 465 2020 tantas
480 1959 618 2020 servabat
632 1959 693 2020 filia
708 1958 806 2038 sedes,

99 2042 122 2105 J
123 2063 171 2104 am
185 2049 303 2105 matura
317 2043 390 2121 viro,
401 2044 465 2126 jam
479 2044 574 2125 plenis
588 2044 695 2105 nubilis
712 2044 806 2106 annis.

100 2127 191 2190 Multi
206 2128 286 2190 illam
300 2148 408 2210 magno
423 2149 440 2190 e
456 2127 542 2191 Latio
557 2135 679 2210 totaque
697 2130 840 2211 petebant

99 2212 257 2288 Ausonia;
280 2213 355 2295 petit
370 2219 439 2275 ante
455 2213 526 2276 alios
541 2215 757 2296 pulcherrimus
772 2234 873 2276 omnes

101 2299 232 2376 Turnus,
247 2298 309 2360 avis
325 2298 479 2380 atavisque
494 2305 619 2380 potens:
645 2300 733 2381 quern
749 2299 832 2380 regia
848 2299 955 2383 conjux

101 2383 239 2467 Adjungi
253 2403 397 2463 generum
411 2383 485 2444 miro
501 2384 678 2466 properabat
693 2404 815 2459 amore;

104 2466 165 2530 Sed
180 2467 269 2529 variis
284 2474 423 2549 portenta
437 2468 527 2529 deum
542 2469 705 2530 terroribus
720 2469 848 2530 obstant.

102 2552 220 2616 Laurus
237 2558 302 2613 erat
317 2553 389 2614 tecti
404 2552 512 2630 medio,
527 2554 559 2614 in
573 2554 775 2636 penetralibus
790 2554 868 2631 attia,

104 2636 199 2700 Sacra
214 2657 339 2715 comam,
354 2639 521 2720 multosque
536 2645 618 2700 metu
634 2645 753 2701 servata
768 2660 822 2721 per
837 2659 940 2716 annos,

103 2721 201 2795 Quam
215 2728 301 2804 pater
314 2722 477 2800 inventam,
492 2723 601 2804 primas
617 2744 708 2805 quum
724 2723 867 2786 conderet
882 2742 978 2801 arces,

103 2807 173 2889 Ipse
188 2807 342 2869 ferebatur
357 2806 478 2869 Phoebo
493 2829 626 2870 sacrasse
642 2807 778 2886 Latinus,

103 2892 330 2973 Laurentesque
346 2893 382 2954 ab
399 2913 436 2954 ea
450 2913 557 2954 nomen
571 2894 703 2974 posuisse
724 2893 843 2955 colonis

103 2977 205 3060 Hujus
221 2996 292 3058 apes
306 2998 453 3038 summum
466 2976 575 3039 densae
585 3015 627 3024 -
638 2978 770 3040 mirabile
787 2974 887 3039 dictu!
901 3010 943 3020 —

106 3061 241 3125 Stridore
256 3061 370 3142 ingenti
385 3062 530 3144 liquidum
545 3067 627 3123 trans
645 3063 768 3124 aethera
782 3068 899 3138 vectae,

106 3145 260 3209 Obsederc
276 3146 402 3226 apicem,
417 3151 459 3223 et,
474 3146 599 3228 pedibus
613 3167 667 3228 per
682 3153 786 3208 mutua
799 3146 896 3223 nexis,

105 3232 241 3293 Examen
257 3231 386 3293 subitum
401 3251 483 3292 rame
498 3230 655 3293 frondente
671 3231 825 3313 pependit.

106 3315 255 3378 Continuo
269 3321 365 3392 vateS,
381 3313 547 3376 Externum
562 3317 722 3394 cernimus,
737 3317 833 3398 inquit

106 3400 283 3462 Adventare
299 3400 406 3476 virum,
422 3405 454 3460 et
468 3406 567 3481 partes
583 3407 685 3481 petere
702 3422 810 3483 agmen
825 3399 946 3462 easdem

106 3485 248 3546 Partibus
264 3505 301 3546 ex
315 3484 421 3560 isdem,
437 3490 468 3544 et
482 3506 597 3546 summa
612 3485 790 3548 dominarier
805 3505 886 3547 arce.

107 3570 282 3648 Praeterea,
299 3569 387 3631 castis
402 3569 502 3630 adolet
517 3569 588 3630 dum
603 3570 709 3632 altaria
723 3570 831 3647 taedis,
878 3622 880 3626 Α

107 3653 154 3716 Ut
164 3655 253 3737 juxta
268 3655 432 3735 genitorem
448 3654 547 3715 adstat
562 3653 687 3716 Lavinia
702 3655 797 3736 virgo,

107 3739 196 3814 Visa,
210 3740 306 3818 nefas,
321 3738 416 3819 longis
432 3739 644 3820 comprendere
660 3740 790 3801 crinibus
805 3739 916 3820 ignem,
