2496 4334
495 317 525 363 Ρ.
549 316 690 364 VIRCILII
715 316 860 364 MARONIS

477 723 849 796 AENEIDOS

505 903 617 958 LIBER
635 903 811 957 DECIMUS.

143 1061 315 1124 Parambole
328 1059 445 1123 interea
460 1058 564 1123 domus
579 1059 787 1143 omnipotentis
804 1058 936 1144 Olympi,

144 1145 367 1227 conciliumque
383 1149 472 1207 vocat
486 1145 587 1207 divum
601 1150 689 1226 pater
703 1151 793 1226 atque
808 1144 959 1207 hominum
974 1167 1029 1208 rex

145 1228 299 1292 Sideream
313 1230 344 1291 in
359 1229 472 1307 sedern,
487 1235 584 1292 terras
598 1228 678 1290 unde
695 1228 806 1292 arduus
823 1249 924 1292 omnes

144 1313 310 1396 Castraque
326 1313 533 1376 Dardanidum
548 1311 704 1395 adspectat
718 1314 900 1396 populosque
916 1312 1053 1377 Latinos·

144 1398 308 1462 Considunt
322 1397 409 1461 tectis
423 1398 635 1496 bipatentibus.
679 1397 791 1480 Incipit
805 1398 889 1480 ipse:
1164 1419 1180 1466 5

186 1483 351 1546 Coelicolae
365 1505 478 1565 magm,
493 1483 633 1565 quianam
648 1482 797 1545 sententia
810 1482 892 1545 vobis

142 1567 242 1631 Versa
256 1574 348 1646 retro,
364 1574 539 1650 tantumque
555 1567 659 1630 animis
674 1567 797 1630 certatis
810 1565 948 1649 iniquis?

141 1651 318 1715 Abnueram
330 1652 408 1716 bello
422 1652 542 1732 Italiam
557 1672 734 1715 concurrere
750 1651 884 1715 Teucris.

143 1735 227 1809 Quae
243 1743 347 1800 contra
360 1737 487 1800 vetitum
501 1734 674 1800 discordia?
697 1736 764 1819 quis
776 1740 874 1799 metus
889 1740 942 1798 aut
955 1735 1009 1800 hos

47 1825 49 1830 '
140 1821 208 1885 Aut
221 1822 274 1885 hos
290 1842 373 1884 arma
387 1821 473 1906 sequi
487 1822 659 1904 ferrumque
673 1821 821 1884 lacessere
837 1819 957 1883 suasit?
1149 1838 1179 1888 10

140 1905 295 1968 Adveniet
305 1906 422 1989 justum
435 1926 567 1989 pugnae,
581 1926 619 1969 ne
635 1907 788 1986 arcessite,
802 1912 932 1988 tempus,

142 1988 242 2063 Quum
255 1992 321 2054 fera
336 1989 487 2073 Carthago
502 1991 650 2054 Romanis
662 1991 780 2055 arcibus
795 1991 865 2054 olim

141 2075 275 2139 Exitium
288 2097 430 2158 magnum
444 2083 535 2159 atque
550 2075 646 2158 Alpes
660 2075 801 2139 immittet
815 2079 935 2158 apertas
949 2080 960 2138 τ’

141 2159 218 2223 Tum
232 2167 349 2224 certare
364 2161 450 2239 odiis,
464 2167 530 2223 tum
543 2181 592 2223 res
606 2161 739 2243 rapuisse
754 2160 856 2223 licebit
869 2181 877 2237 ;

140 2244 232 2308 Nune
248 2245 346 2324 sinite,
362 2252 393 2308 et
407 2245 550 2328 placitum
563 2244 635 2308 laeti
649 2245 814 2328 componite
829 2246 945 2310 foedus.
1148 2268 1179 2316 15

182 2330 304 2412 Jupiter
317 2331 392 2394 haec
407 2329 510 2413 paucis
523 2350 532 2408 ;
554 2337 586 2393 at
598 2352 658 2393 non
669 2330 776 2396 Venus
790 2352 883 2395 aurea
897 2335 1001 2395 contra

140 2413 244 2478 Pauca
256 2416 365 2479 refert:

142 2497 168 2560 Ο
184 2508 281 2582 pater,
296 2523 313 2563 o
327 2500 478 2563 hominum
492 2520 653 2582 rerumque
670 2504 793 2563 aeterna
807 2506 952 2584 potestas,
963 2534 1007 2545 -

139 2584 280 2667 Namque
296 2586 376 2648 aliud
391 2585 463 2668 quid
478 2586 527 2664 sit,
543 2585 622 2668 quod
645 2585 710 2667 jam
724 2585 881 2667 implorare
896 2605 1040 2669 queamus
1053 2583 1066 2646 t
1079 2621 1122 2633 -

141 2668 257 2747 Cernis,
272 2676 306 2731 ut
320 2671 463 2733 insultent
477 2670 594 2747 Rutuli,
609 2668 788 2751 Turnusque
803 2670 918 2733 feratur
1145 2690 1178 2740 aa

139 2752 201 2815 Per
215 2754 327 2816 medios
341 2755 464 2836 insignis
479 2755 563 2838 equis
578 2753 768 2836 tumidusque
784 2755 914 2818 seeundo

139 2836 240 2901 Marte
256 2837 349 2900 ruat?
391 2840 462 2902 Non
478 2841 580 2902 clausa
594 2844 702 2920 tegunt
711 2841 776 2921 jam
789 2841 908 2903 moenia
921 2838 1064 2902 Teucros.

141 2921 220 2995 Quin
233 2924 313 2985 intra
327 2929 427 3005 portas
442 2930 532 3006 atque
547 2922 619 3004 ipsis
635 2921 747 3004 proelia
760 2923 887 2987 miscent

138 3006 312 3089 Aggeribus
324 3029 500 3087 moerorum,
516 3015 548 3070 et
562 3007 710 3069 inundant
724 3008 867 3090 sanguine
882 3010 990 3072 fossae.

138 3092 261 3155 Aeneas
275 3092 397 3174 ignarus
412 3094 506 3157 abest.
552 3091 763 3174 Numquamne
774 3094 869 3155 levari
1144 3111 1178 3160 25

141 3175 301 3240 Obsidione
316 3177 420 3240 sines?
463 3177 561 3239 Muris
575 3177 684 3239 iterum
698 3177 831 3239 imminet
845 3178 938 3242 hostis

138 3261 300 3325 Nascentis
315 3261 433 3345 Trojae,
448 3282 504 3324 nec
518 3282 578 3324 non
592 3261 742 3324 exercitus
757 3263 833 3324 alter
847 3282 855 3338 ;

138 3345 243 3428 Atque
257 3343 367 3409 iterum
380 3347 412 3408 in
426 3346 557 3409 Teucros
571 3345 689 3409 Aetolis
704 3346 800 3428 surgit
817 3348 855 3409 ab
870 3345 962 3429 Arpis

138 3431 280 3514 Tydides.
326 3429 476 3514 Equidem
491 3430 591 3509 credo,
607 3451 675 3493 mea
689 3431 814 3494 vulnera
829 3437 955 3510 restant,

139 3515 181 3578 Et
195 3523 248 3578 tua
262 3516 418 3599 progenies
433 3516 571 3578 mortalia·
583 3515 719 3578 demoror
734 3517 834 3581 arma!
1144 3531 1176 3580 30

141 3599 173 3663 Si
189 3602 252 3663 sine
267 3623 340 3685 pace
356 3608 409 3664 tua
424 3608 514 3684 atque
529 3601 621 3664 invito
635 3601 755 3663 numine
771 3601 863 3664 Troes

113 3720 119 3727 ·
138 3684 258 3747 Italiam
272 3687 405 3769 petiere:
430 3687 515 3748 luant
529 3692 666 3768 peccata,
681 3705 778 3767 neque
793 3687 858 3750 illos
916 3720 918 3723 ·

138 3767 161 3832 J
162 3770 260 3833 uveris
275 3771 404 3849 auxili03
427 3771 473 3834 sin
488 3776 532 3834 tot
546 3790 688 3853 responsa
702 3771 809 3852 secuti,
