2496 4334
462 261 623 308 aanmnos
646 262 710 308 ma.
735 262 759 308 1.

103 415 161 480 Vix
176 422 290 500 septem
305 416 463 480 1111111111
478 415 565 477 undis
581 415 723 498 Euroque
738 421 908 498 supersunt.

100 501 169 584 Ipse
185 503 315 584 ignotus,
331 522 434 584 egens,
449 500 563 584 Libyae
579 500 699 564 deserta
713 521 851 584 peragrO,

99 587 222 670 Europa
237 594 328 670 atque
342 588 418 649 Asia
431 587 545 669 pulsus.
590 585 657 648 Nec
673 587 760 668 plura
775 592 951 667 querentem

99 671 195 734 Passa
210 672 326 751 Venus,
341 672 439 734 medio
453 672 495 734 sic
510 671 652 733 interfata
667 671 767 733 dolore
782 679 846 734 est:

142 756 283 841 Quisquis
299 778 342 836 es,
357 757 450 835 haud,
465 757 566 834 credo,
580 756 692 818 invisus
707 757 883 819 coelestibus
898 776 986 819 auras

98 843 218 905 Vitales
234 842 342 924 carpis,
358 842 480 926 Tyriam
495 842 547 924 qui
560 841 716 904 adveneris
731 841 846 903 urbem.

99 928 200 1009 Perge
215 927 314 1005 modo,
329 933 420 1009 atquc
435 927 503 989 hinc
519 933 548 988 te
563 926 685 1008 reginae
702 926 741 989 ad
755 927 857 989 limina
871 927 981 1009 perfer.

99 1013 131 1074 N
132 1032 243 1094 amque
258 1012 451 1074 tibi-reduces
466 1011 559 1074 socios
575 1013 759 1093 classemque
774 1013 899 1074 relatam

100 1097 276 1175 Nrmtio,et
263 1097 382 1158 ttin
334 1103 382 1158 tut
382 1119 433 1159 um
447 1096 540 1159 versis
554 1096 754 1179 Aquilonibus
770 1104 819 1158 act
820 1117 879 1176 am,

99 1183 142 1244 Ni
157 1183 273 1244 frustm
287 1183 445 1263 augurium
459 1203 528 1245 vam
518 1181 671 1244 docuere
686 1188 836 1264 parentes.

98 1266 235 1357 Adspice
250 1267 295 1328 bis
310 1288 396 1329 senos
410 1267 556 1330 laetantes
572 1267 690 1364 agmine
707 1287 829 1350 cycnos,

98 1342 250 1414 Aetheria
263 1373 336 1434 quos
350 1353 435 1434 lapsa
448 1353 519 1436 plag
520 1373 538 1415 1
551 1352 619 1415 J
574 1372 637 1414 ovis
652 1353 714 1414 ales
729 1359 833 1434 aperto

99 1437 257 1500 Turbabat
271 1439 363 1516 coelo,
378 1459 457 1501 nunc
473 1445 568 1500 terras
583 1437 686 1500 ordine
701 1438 789 1518 longo

98 1523 169 1584 Aut
184 1543 303 1605 capere,
318 1529 372 1585 aut
386 1523 513 1606 captas
498 1543 563 1606 Jam
578 1522 753 1604 despectare
768 1521 926 1586 videntur:

99 1608 145 1679 Ut
160 1607 287 1670 reduces
301 1608 344 1670 illi
358 1608 466 1670 ludunt
479 1608 672 1670 stridentibus
688 1607 753 1686 alis,

49 1725 52 1731 ,
100 1693 143 1755 Et
159 1699 248 1754 coetu
262 1693 381 1755 cinxere
397 1695 506 1776 polum,
522 1699 686 1775 cantusque
702 1692 824 1772 dedere,

99 1778 197 1840 Haud
211 1778 298 1840 aliter
312 1799 486 1860 puppesque
500 1784 571 1840 tuae
586 1779 741 1875 pubesque
754 1784 884 1860 tuorum,

98 1863 169 1925 Aut
183 1870 301 1946 portum
315 1870 410 1941 tenet,
425 1870 478 1926 aut
492 1865 579 1946 pleno
594 1863 673 1926 subit
660 1870 720 1926 tos
722 1864 763 1925 tia
722 1865 853 1926 t.velo

99 1949 203 2030 Perge
218 1948 315 2028 modo,
330 1955 372 2027 11,
388 1970 448 2031 qua
461 1955 492 2011 te
507 1948 591 2012 ducit
578 1949 665 2027 tvia,
680 1948 775 2030 dirige
790 1970 936 2031 gressum

143 2034 241 2112 Dixit,
257 2039 288 2096 et
303 2041 441 2096 avertens
455 2055 541 2096 rosea
556 2034 672 2097 cervice
688 2034 815 2113 refulsit,

99 2080 340 2201 Ambrosiasque
356 2140 457 2182 comae
473 2120 605 2181 divinum
619 2141 673 2181 ver
674 2119 732 2180 tice
674 2083 868 2183 1111111111

70 2210 74 2215 ’
101 2203 284 2286 Spiravere3
307 2204 400 2287 pedes
414 2211 480 2267 vest
480 2205 505 2267 is
467 2204 644 2267 tdefluxit
658 2204 719 2267 ad
711 2225 804 2280 1m0s3

87 2290 142 2352 ,Et
159 2309 232 2350 vera
246 2289 364 2352 incessu
378 2290 475 2372 patuit
490 2290 557 2352 dea.
602 2289 671 2368 Ille,
687 2290 738 2351 ubi
752 2296 880 2354 matrem

98 2374 249 2456 Agnovit,
265 2375 317 2437 tali
332 2375 496 2457 fugientem
512 2382 558 2438 est
572 2396 644 2438 voce
660 2382 799 2438 secutus:

100 2458 184 2531 Quid
199 2467 304 2522 natum
318 2461 417 2539 toties,
433 2461 562 2524 crudelis
577 2467 612 2522 tu
626 2481 755 2543 quoque,
771 2461 852 2523 falsis

99 2545 197 2607 Ludis
212 2545 409 2628 imaginibus?
433 2568 487 2609 cur
502 2546 626 2608 dextrae
637 2548 766 2630 jungere
782 2546 917 2608 dextram

99 2630 174 2692 Non
189 2630 243 2692 dat
230 2637 290 2710 tur,
306 2652 341 2693 ac
357 2652 443 2694 voras
458 2632 562 2693 audire
579 2638 610 2693 et
597 2632 751 2694 treddere
767 2630 881 2694 voces?

98 2716 247 2778 Talibus
238 2723 356 2779 mcusat·
358 2737 576 2798 ,gressumque
593 2718 631 2779 ad
646 2717 763 2779 moenia
776 2717 883 2778 tendit.

98 2802 147 2863 At
161 2791 269 2864 Venus
284 2803 409 2864 obscuro
424 2802 639 2901 gradientes
612 2804 682 2864 1111
698 2802 801 2949 sepsit,

100 2885 144 2947 Et
159 2887 253 2948 mult'o
267 2887 433 2950 nebulae
409 2908 521 2950 crrcum
536 2887 593 2949 dea
607 2888 687 2949 fudit
674 2887 791 2950 tamict
791 2910 823 2966 u,

101 2971 236 3034 Cernere
251 2994 289 3035 ne
304 2973 370 3055 quis
386 2993 446 3052 eos,
462 2994 522 3035 neu
537 2973 603 3054 quis
618 2973 790 3054 contingere
806 2976 917 3054 posset,

102 3054 230 3119 Solirive
245 3079 369 3136 moram,
384 3065 436 3120 aut
423 3058 589 3120 tveniendi
603 3079 725 3140 poscere
741 3077 873 3120 caussas.

100 3142 175 3223 Ipsa
190 3141 328 3225 Paphum
343 3143 475 3206 sublimis
490 3143 552 3205 abit
554 3144 723 3226 ,sedesque
738 3143 841 3206 revisit

100 3226 200 3288 Laeta
213 3247 294 3306 suas,
309 3228 387 3290 ubit
374 3229 518 3327 templum
531 3229 573 3290 illi
577 3235 779 3309 ,centumque
798 3226 913 3290 Sabaeo

101 3311 204 3374 Thure
220 3314 320 3375 calent
307 3320 416 3392 11111,
431 3314 577 3396 sertisque
592 3320 696 3376 recent
683 3314 761 3375 tibus
776 3314 889 3376 halant.

147 3395 368 3481 Corripuere
341 3420 419 3461 vram
433 3400 465 3461 in
465 3405 549 3461 terea
552 3420 636 3481 ,qua
650 3399 756 3462 semita
769 3403 923 3460 monstrat.

99 3481 234 3564 Jamque
249 3485 452 3547 ascendebant
466 3485 582 3562 collem,
599 3505 650 3566 qu1
640 3485 807 3566 plurimus
822 3482 889 3544 urbi

100 3568 248 3630 Imminet
246 3569 471 3652 ,adversasque
487 3570 630 3652 adspecta
631 3570 787 3651 tdesuper
803 3588 898 3630 arces.

101 3652 197 3714 Mirat
184 3660 234 3714 tur
248 3655 355 3716 molem
368 3655 492 3718 Aeneas
495 3656 647 3736 ,magalia
662 3654 822 3801 quondam,

100 3736 233 3800 Miratur
246 3745 359 3822 portas,
375 3760 388 3800 s
390 3741 647 3821 trepitumquo,et
663 3746 739 3802 strat
740 3760 758 3801 a
772 3739 897 3800 viarum.
