2496 4334
57 43 106 111 fs

102 263 143 326 24
350 280 379 325 r.
404 279 556 326 umerum
569 278 715 326 nnsours
737 279 905 326 succinos.

103 432 133 496 N
134 456 172 496 on
185 434 270 496 illum
283 435 377 496 nostri
392 441 516 518 possunt
530 440 646 496 mutare
661 434 790 514 labores,

102 519 133 580 N
134 540 169 581 ec
185 520 210 582 si
224 520 384 601 frigoribus
396 520 501 583 mediis
516 521 715 602 Hebrumque
729 521 876 599 bibamus,

102 603 312 688 Sithoniasque
329 607 413 668 nives
428 606 533 668 hiemis
549 606 708 668 subeamus
724 627 865 690 aquosae,

101 689 167 752 Nec
190 691 226 769 si,
248 711 316 752 cum
331 691 460 753 moriens
475 693 536 754 alta
549 691 626 754 liber
641 693 753 754 aretin
767 693 858 769 ulmo,

99 774 284 859 Aethiopum
299 797 451 839 versemus
467 798 537 839 oves
552 778 607 839 sub
623 777 720 840 sidere
738 777 858 840 Cancri.

101 859 210 924 Omnia
224 862 317 924 vincit
330 861 442 925 Amor:
467 869 499 925 et
512 883 566 926 nos
582 862 723 925 cedamus
738 863 855 925 Amori.

142 947 230 1009 Haec
247 954 294 1009 sat
308 948 376 1026 erit,
392 947 491 1026 divae,
507 954 641 1010 vestrum
656 949 798 1011 cecinisse
814 949 944 1032 poetam,

99 1031 182 1093 Dum
193 1033 291 1112 sedet,
307 1039 339 1095 ct
353 1034 459 1114 gracili
468 1034 613 1096 fiscellam
628 1035 704 1096 texit
717 1034 840 1112 hibisco,

99 1117 235 1180 Pierides
248 1138 256 1193 ;
279 1139 331 1180 vos
346 1119 421 1181 haec
436 1119 553 1181 facietis
570 1119 699 1181 maxima
714 1119 819 1183 Gallo:

100 1201 198 1282 Gallo,
214 1206 299 1288 cujus
315 1224 397 1265 amor
412 1210 529 1266 tantum
543 1204 615 1265 mihi
630 1205 739 1266 crescit
752 1205 784 1266 iu
798 1205 898 1283 horas,

100 1286 252 1360 Quantum
267 1311 337 1351 vere
353 1310 429 1351 novo
444 1290 547 1352 viridis
562 1310 594 1351 se
610 1290 729 1373 subjicit
743 1291 838 1353 alnus.

100 1371 281 1456 Surgamus:
305 1376 381 1437 solet
396 1395 461 1436 esse
477 1375 577 1456 gravis
592 1375 781 1438 cantantibus
796 1375 912 1437 umbra.

97 1457 120 1520 J
121 1459 238 1542 uniperi
252 1460 352 1543 gravis
367 1460 492 1544 umbra3
514 1466 625 1522 nocent
639 1466 671 1523 et
684 1461 820 1542 frugibus
834 1460 968 1522 umbrae.

97 1543 147 1606 Ite
163 1545 283 1608 domum
297 1551 429 1625 saturae,
443 1545 527 1609 venit
541 1544 710 1630 Hesperus,
724 1546 766 1608 ite
783 1546 925 1630 capellae.

1109 1391 1141 1439 ⁷5
