2496 4334
455 310 617 359 eruamus
643 312 708 358 ma.
731 311 779 358 x1.
1075 295 1137 359 301

98 463 266 547 Armaque,
282 485 477 548 corporaque,
492 470 524 527 et
538 464 677 547 permixti
692 462 784 527 caede
801 461 932 527 virorum
988 457 991 461 ⁸

100 547 296 613 Semianimes
310 552 471 613 volvrmtur
485 551 555 631 equi
567 570 575 626 3
597 571 699 633 pugna
711 569 817 631 aspera
828 551 934 632 surgit.
1090 568 1138 619 635

100 633 273 698 Orsilochus
287 635 418 713 Remuli,
434 635 553 716 quando
567 636 665 718 ipsum
675 634 816 697 horrebat
827 634 923 713 adire,

98 717 230 781 Hastam
244 720 362 784 intorsit
377 741 465 801 equo,
477 719 650 802 ferrumque
666 720 720 782 sub
736 739 808 781 aure
824 719 964 803 rehquit:

99 801 166 876 Quo
181 804 297 887 sonipes
312 805 375 867 ictu
389 804 462 865 furit
477 804 599 884 arduus,
611 804 731 886 altaque
743 805 841 887 jactat

97 887 242 950 Vulneris
256 890 413 972 impatiens
429 896 545 952 arrecto
560 896 681 972 pectore
697 909 795 951 crura.

97 972 240 1035 Volvitur
253 974 302 1036 ille
318 995 460 1036 excussus
474 974 565 1036 humi.
614 972 738 1037 Catillus
753 974 861 1052 Iollan,

98 1057 318 1140 Ingentemque
334 1059 449 1136 animis,
461 1059 613 1140 ingentem
628 1079 750 1140 corpore
767 1065 798 1120 et
813 1059 913 1138 armis,

98 1142 212 1225 Dejicit
225 1142 425 1221 Herminium,
437 1143 517 1205 nudo
533 1144 581 1205 cui
597 1144 710 1206 vertice
725 1143 808 1205 fulva

100 1226 266 1305 Caesaries,
278 1228 409 1309 nudique
424 1228 540 1290 humeri
554 1249 562 1303 3
585 1249 641 1291 nec
656 1229 782 1290 vulnera
796 1232 912 1290 tement
925 1246 933 1303 3

98 1312 213 1374 Tantus
228 1312 258 1373 in
274 1332 357 1374 arma
371 1319 465 1395 patet.
511 1311 601 1375 Latos
616 1314 685 1375 huic
700 1313 787 1374 hasta
800 1333 855 1394 per
869 1331 967 1374 armos

97 1396 181 1460 Acta
196 1398 307 1474 tremit,
323 1397 514 1479 duplicatque
530 1397 626 1459 virum
640 1398 783 1459 transfixa
798 1397 909 1460 dolore.

98 1481 249 1543 Funditur
264 1489 330 1544 ater
343 1482 453 1564 ubique
469 1501 577 1557 cruor;
601 1482 675 1544 dant
689 1482 797 1544 funera
811 1482 892 1544 ferro

100 1564 270 1643 Certantes,
285 1567 499 1648 pulchramque
515 1572 622 1647 petunt
636 1587 691 1649 per
702 1567 827 1629 vulnera
840 1572 977 1630 mortem.

140 1649 186 1712 At
199 1651 312 1713 medias
326 1651 406 1713 inter
419 1650 529 1714 caedes
544 1652 674 1713 exsultat
687 1651 833 1730 Amazon,

98 1734 201 1797 Unum
216 1741 335 1798 exserta
348 1736 427 1797 latus
442 1756 573 1817 pugnae,
588 1736 761 1818 pharetrata
777 1735 902 1799 Camilla
914 1755 924 1814 ;

98 1820 141 1882 Et
155 1839 234 1882 nuuc
250 1819 333 1882 lenta
347 1840 437 1881 manu
451 1840 596 1902 spargens
610 1820 728 1882 hastilia
743 1820 860 1899 denset,

98 1903 131 1965 N
132 1925 190 1967 unc
206 1904 335 1967 validam
351 1905 457 1967 dextra
470 1905 549 1987 rapit
563 1905 713 1967 indefessa
726 1905 886 1988 bipennem
899 1926 908 1982 3

98 1988 221 2052 Aureus
236 2011 274 2052 ex
287 1989 410 2052 humero
425 1995 511 2051 sonat
525 2010 613 2052 arcus
628 1996 660 2052 et
675 2010 758 2052 arma
772 1991 900 2054 Dianae.

98 2073 157 2136 Illa
172 2075 273 2153 etiam,
288 2074 313 2136 si
330 2074 449 2156 quaudo
463 2074 494 2135 in
509 2080 628 2155 tergum
642 2075 728 2156 pulsa
742 2076 877 2155 recessit,

101 2157 224 2241 Spicula
239 2179 379 2222 converso
394 2158 540 2240 fugientia
551 2159 653 2241 dirigit
668 2178 751 2224 arcu.

98 2244 144 2306 At
159 2244 272 2306 circum
285 2244 382 2307 lectae
399 2244 532 2322 comites,
542 2243 712 2326 Larinaque
727 2243 812 2324 virgo

99 2328 256 2411 Tullaque,
273 2333 304 2390 et
319 2335 452 2390 aeratam
468 2328 606 2410 quatiens
621 2328 750 2409 Tarpeia
764 2329 904 2408 securim,

99 2412 235 2491 Itahdes,
251 2433 325 2497 quas
340 2413 405 2495 ipsa
420 2413 512 2475 decus
527 2413 581 2474 sibi
596 2413 645 2474 dia
661 2412 786 2475 Camilla

100 2496 222 2580 Delegit
237 2498 378 2580 pacisque
393 2497 485 2560 bonas
500 2498 629 2579 bellique
644 2497 804 2559 ministras.

100 2580 211 2654 Quales
226 2581 382 2644 Threiciae
397 2603 489 2663 quum
503 2582 625 2644 flumina
639 2581 865 2646 Thermodontis
964 2598 968 2605 '

101 2666 226 2729 Pulsant
240 2673 271 2729 et
285 2666 373 2749 pictis
389 2667 538 2728 bellantur
552 2665 720 2728 Amazones
734 2667 835 2745 armis,

102 2749 164 2812 Seu
179 2751 291 2813 circum
306 2751 504 2834 Hippolyten,
517 2771 570 2812 seu
585 2772 677 2833 quum
692 2771 723 2812 se
739 2750 851 2824 Martia
866 2771 957 2814 amru

99 2835 290 2898 Penthesilea
304 2836 409 2912 refert,
425 2855 591 2917 magnoque
606 2836 740 2896 ululante
755 2836 885 2897 tumultu

100 2920 244 2982 Feminea
258 2921 410 3001 exsultant
423 2919 532 2981 lunatis
548 2919 667 3000 agmina
681 2918 779 3002 peltis.

100 3002 198 3075 Quem
212 3005 271 3067 telo
287 3005 425 3086 primum,
442 3024 530 3086 quem
545 3010 738 3084 postremum,
754 3023 861 3086 aspera
872 3003 956 3086 virgo

98 3088 223 3170 Dejicis,
240 3095 292 3150 aut
307 3095 380 3170 quot
393 3088 476 3150 humi
490 3087 647 3150 morientia
661 3108 786 3170 corpora
799 3087 923 3150 undis?

100 3172 239 3233 Euneum
255 3172 354 3254 Clytio
370 3173 497 3255 primum
508 3178 613 3253 patre:
637 3173 722 3255 cujus
736 3178 873 3254 apertum

99 3256 230 3318 Adversi
245 3256 334 3337 longa
348 3255 573 3320 transverberat
587 3257 684 3319 abiete
699 3263 816 3339 peetus.

101 3338 262 3420 Sanguinis
276 3341 326 3402 ille
339 3360 459 3402 vomens
474 3340 553 3402 rivos
569 3341 660 3419 cadit,
676 3348 765 3424 atque
782 3347 937 3406 cruentam

98 3423 219 3485 Mandit
232 3424 366 3503 humum,
381 3424 568 3505 moriensque
586 3446 639 3487 suo
654 3446 686 3487 se
701 3427 733 3487 in
747 3427 871 3489 vulnere
887 3433 997 3489 versat.

99 3508 176 3569 Tum
191 3508 294 3587 Lirim,
310 3509 521 3590 Pagasumque
537 3529 640 3590 super,
650 3531 777 3591 quorum
792 3512 869 3572 alter
879 3511 1012 3573 habenas

101 3591 230 3654 Suffosso
245 3594 398 3655 revolutus
414 3613 491 3673 equo
507 3593 578 3654 dum
594 3594 717 3675 colligit,
733 3595 810 3655 alter

98 3675 180 3737 Dum
195 3677 275 3738 subit
290 3699 324 3740 ao
341 3678 478 3739 dextram
492 3677 605 3739 labenti
619 3679 717 3739 tendit
730 3679 886 3756 inermem,

99 3761 285 3844 Praecipites
300 3761 472 3845 pariterque
487 3768 589 3823 ruunt.
634 3763 692 3824 His
708 3762 793 3824 addit
802 3761 979 3824 Amastrum
