2496 4334
97 280 160 344 144
425 299 455 344 r.
478 298 621 344 umerum
647 296 792 343 mancum

96 449 271 532 Regnorum
284 449 481 529 immemores,
497 451 637 533 turpique
653 450 791 532 cupidine
807 464 920 534 captos.

96 534 183 597 Haec
199 536 307 618 passim
323 537 380 598 dea
394 536 482 598 foeda
496 536 593 597 virum
607 536 745 597 diffimdit
759 536 791 597 in
805 556 868 598 ora.

96 620 238 683 Protinus
254 620 292 682 ad
307 642 410 702 regem
425 641 529 682 cursus
546 621 705 702 detorquet
718 620 841 699 Iarban,

96 705 295 787 Incenditque
310 706 440 767 animum
456 705 554 784 dictis,
570 712 660 788 atque
676 712 802 786 aggerat
816 705 886 768 iras.

139 790 199 852 Hic
215 790 383 852 Hammone
398 797 492 869 satus,
507 797 594 872 rapta
609 789 822 853 Garamantide
837 790 981 875 nympha,

97 875 221 957 Templa
235 875 257 937 J
258 876 305 936 ovi
320 881 441 936 centum
455 875 523 937 latis
537 875 677 936 immania
690 875 802 956 regnis,

98 959 227 1022 Centum
242 980 308 1022 aras
323 960 442 1042 posuit3
465 960 644 1042 vigilemque
660 965 831 1022 sacraverat
845 960 957 1042 ignem,
1073 1019 1077 1023 .

98 1044 247 1107 Excubiae
262 1045 363 1106 divum
378 1052 516 1107 aeternas
529 1064 537 1120 3
560 1045 768 1127 pecudumque
785 1066 890 1108 eruore

98 1130 215 1211 Pingue
230 1131 335 1207 solum,
350 1136 382 1192 et
397 1130 486 1191 variis
500 1130 635 1191 florentia
648 1129 751 1191 limina
765 1130 863 1192 sertis.

97 1214 189 1296 Isque
205 1236 306 1277 amens
321 1214 421 1292 animi,
437 1221 469 1276 et
483 1235 600 1276 rumore
616 1234 760 1277 accensus
775 1235 887 1294 amaro,

98 1300 217 1362 Dicitur
233 1307 301 1361 ante
318 1320 396 1377 aras,
411 1298 510 1361 media
523 1299 602 1361 inter
616 1300 738 1361 numina
753 1300 864 1379 divum,

98 1384 198 1446 Multa
211 1384 233 1446 J
234 1405 320 1447 ovem
333 1385 468 1446 manibus
484 1385 609 1466 supplex
624 1405 723 1446 orasse
740 1385 871 1467 supinis:

99 1469 220 1551 Jupiter
234 1470 428 1551 omnipotens,
445 1469 494 1531 cui
508 1490 587 1531 nune
603 1468 759 1531 Maurusia
773 1469 860 1551 pictis

101 1553 183 1617 Gens
198 1554 319 1636 epulata
333 1555 404 1616 toris
419 1553 573 1616 Lenaeum
587 1555 661 1617 libat
674 1556 827 1632 honorem,

70 1650 74 1655 '
98 1638 240 1720 Adspicis
255 1639 329 1700 haee
343 1638 356 1700 l
380 1659 418 1701 an
433 1646 474 1718 tc,
491 1640 617 1721 genitor,
633 1660 726 1721 quum
739 1639 865 1700 fulmina
878 1644 1012 1723 torques,

99 1723 314 1806 Nequidquam
328 1723 509 1786 horremus?
532 1724 673 1806 caecique
689 1725 720 1786 in
734 1724 862 1786 nubibus
877 1723 962 1806 ignes

100 1809 277 1871 Terrificant
292 1809 414 1887 animos,
430 1815 462 1871 et
475 1809 575 1872 inania
589 1830 742 1871 murmura
756 1810 883 1871 miscent
895 1808 908 1872 ‘l

99 1893 233 1971 Femina,
249 1914 326 1975 quae
340 1894 448 1956 nostris
464 1915 566 1956 errans
581 1895 613 1956 in
626 1895 733 1956 finibus
748 1894 856 1957 urbem

100 1978 248 2060 Exiguam
262 1978 358 2060 pretio
372 1979 480 2061 posuit,
496 1979 545 2040 eui
557 1979 628 2041 litus
644 1979 800 2058 arandum,

101 2061 216 2145 Cuique
230 2064 288 2126 loci
303 2065 386 2145 leges
402 2063 549 2143 dedimus,
564 2064 711 2126 connubia
725 2071 827 2127 nostra

99 2147 233 2230 Repulit,
249 2169 284 2210 ac
300 2149 450 2210 dominum
466 2148 594 2211 Aenean
607 2149 639 2210 in
653 2170 748 2231 regna
761 2149 887 2232 recepit.

100 2233 141 2293 Et
128 2240 235 2295 tnunc
250 2233 299 2295 ille
315 2233 413 2311 Paris,
429 2254 497 2295 eum
511 2233 647 2296 semiviro
663 2235 815 2312 comitato,

99 2317 239 2380 Maeonia
252 2325 385 2380 mentum
399 2318 488 2380 mitra
502 2318 673 2400 crinemque
689 2319 859 2381 madentem

102 2400 250 2465 Subnixus
253 2410 344 2485 ,rapt
345 2425 362 2464 o
377 2403 452 2486 petit
452 2426 508 2465 ur:
532 2424 586 2465 nos
601 2425 727 2465 munera
741 2404 858 2503 templis

100 2485 245 2569 Quippet
245 2488 291 2550 uis
305 2489 438 2566 ferimuS,
454 2489 622 2570 famamque
637 2489 799 2550 fovemus
793 2509 921 2550 manem.

143 2573 262 2635 Talibus
278 2580 412 2636 orantem
427 2573 495 2634 diet
477 2581 524 2651 trs,
540 2594 667 2655 arasque
683 2580 846 2652 tenentem,

99 2657 208 2718 Audiit
195 2659 417 2741 temnipotens,
433 2659 591 2740 oculosque
607 2658 645 2719 ad
659 2659 775 2720 moenia
789 2659 876 2720 torsit

98 2742 207 2823 Regia,
223 2749 254 2805 et
268 2744 372 2806 oblitos
386 2743 483 2805 famae
501 2743 629 2804 melioris
647 2750 792 2805 amantes.

99 2827 175 2888 Tum
190 2828 232 2888 sic
248 2827 433 2889 Mercurium
448 2828 618 2908 alloquitur,
633 2849 668 2889 ac
683 2829 755 2890 talia
770 2828 912 2890 mandat:

98 2910 186 2973 Vade
202 2932 270 2992 age,
285 2919 366 2990 nato,
382 2932 456 2974 voca
471 2912 633 2992 Zephyros,
649 2919 680 2973 et
694 2913 795 2974 labere
811 2913 917 2995 pennis
931 2933 939 2989 ;

97 2995 343 3078 Dardaniumque
359 2997 477 3073 ducem,
492 2997 585 3080 Tyria
601 2995 783 3078 Carthagine
799 2999 850 3080 qui
864 3019 944 3060 nunc

99 3082 274 3164 Exspectat,
289 3082 417 3164 fatisque
432 3081 518 3143 datas
532 3102 592 3143 non
606 3081 728 3162 respicit
741 3082 843 3160 urbes,

98 3166 273 3248 Alloquore,
289 3172 321 3227 et
335 3168 448 3228 celeres
463 3166 548 3227 defer
562 3186 629 3227 mea
644 3166 725 3227 dicta
739 3188 793 3248 per
808 3188 907 3230 auras.

98 3250 169 3311 Non
183 3251 265 3311 illum
279 3251 361 3312 nobis
377 3250 514 3332 genetrix
528 3250 728 3332 pulcherrima
742 3253 833 3313 talem

99 3335 248 3413 Promisit,
265 3334 448 3417 Graiumque
464 3335 531 3397 ideo
545 3335 590 3397 bis
606 3335 739 3398 vindicat
753 3337 861 3412 armis;

100 3418 161 3482 Sed
176 3420 251 3498 fore,
267 3420 318 3501 qui
333 3419 488 3501 gravidam
502 3420 632 3502 imperiis
647 3422 784 3503 belloque
800 3422 978 3484 frementem

97 3505 218 3567 Italiam
233 3511 364 3586 regeret,
380 3525 474 3586 genus
487 3505 547 3566 alto
562 3525 580 3566 a
596 3507 740 3587 sanguine
756 3507 865 3569 Teucri

99 3589 256 3668 Proderet,
272 3610 306 3653 ac
322 3597 418 3652 totum
433 3589 487 3652 sub
502 3591 585 3672 leges
600 3591 734 3653 mitteret
748 3593 859 3654 orbem.

101 3672 134 3736 si
148 3675 232 3736 nulla
246 3675 386 3737 accendit
400 3681 552 3737 tantarum
568 3676 661 3756 gloria
676 3697 788 3755 rerum,

99 3758 166 3821 Nec
182 3779 272 3841 snper
285 3760 349 3842 ipse
364 3781 419 3824 sua
433 3760 554 3823 mehtur
568 3760 657 3822 laude
671 3762 803 3824 laborem
818 3778 826 3836 ;
