2496 4334
452 301 614 349 snnnmos
637 303 703 350 LIB.
725 304 759 352 X·
797 356 798 359 Ἴ

98 449 221 515 Ardens
236 450 359 515 limitem
374 452 437 535 agit
451 453 542 534 ferro,
557 462 600 534 te,
612 454 724 535 Turne,
740 457 901 540 superbum

100 534 201 599 (laede
217 557 295 600 nova
309 559 466 620 quaerens.
511 541 623 620 Pallas,
639 540 792 621 Evander,
806 542 837 604 in
852 543 923 627 ipsis

100 619 209 683 Omnia
224 628 293 685 sunt
307 623 411 702 oculis,
426 645 559 703 mensae,
575 645 649 707 quas
665 625 783 688 advena
797 629 908 709 primas

98 705 184 768 Tunc
200 705 284 785 adiit,
299 708 482 790 dextraeque
497 709 596 772 datae.
644 708 784 773 Sulmone
800 720 916 776 creatos
982 715 985 721 ’

99 788 236 862 Quatrror
249 792 297 854 hic
308 794 447 875 juvenes,
463 794 599 872 totidem,
614 815 688 876 quos
703 796 814 858 educat
828 797 936 878 Ufens,

98 873 246 938 Viventes
261 879 350 959 rapit,
364 878 485 940 inierim
500 899 574 960 quos
587 879 720 941 immolet
733 881 856 960 umbrie,

100 957 285 1042 Captiroque
298 961 363 1043 rogi
377 963 539 1044 perfimdat
554 963 698 1044 sanguine
713 965 856 1028 flammas.

98 1043 175 1105 Inde
191 1043 284 1125 Mago
298 1048 402 1128 procul
415 1047 562 1109 infensam
577 1046 773 1110 contenderat
786 1049 922 1127 hastam3

98 1127 154 1190 Illo
170 1135 238 1190 astu
252 1130 342 1207 subit,
357 1137 390 1193 at
403 1131 601 1193 tremebunda
615 1133 786 1214 supervolat
800 1133 907 1210 hasta3

99 1211 141 1274 Et
155 1233 255 1294 genua
269 1215 451 1296 amplectens
468 1217 575 1278 effatur
589 1216 661 1279 talia
675 1218 821 1299 supplex:

98 1295 160 1358 Per
174 1297 285 1379 patrios
300 1298 407 1362 Manes
422 1305 454 1361 et
468 1321 536 1382 spes
551 1301 701 1381 surgentis
716 1302 786 1380 Iuli,

97 1382 141 1445 Tc
156 1402 274 1464 precor,
289 1383 366 1446 hano
382 1383 510 1446 animam
524 1405 626 1446 serves
641 1382 791 1468 gnatoque
806 1386 955 1471 patrique.

98 1465 155 1528 Est
169 1466 273 1529 domus
288 1468 370 1543 alta;
387 1469 493 1551 jacent
506 1469 625 1552 penitus
640 1469 758 1532 defossa
772 1472 886 1535 talenta

99 1549 215 1613 anlati
229 1552 346 1633 argenti
360 1572 368 1628 ;
391 1559 462 1615 sunt
476 1554 541 1615 auri
555 1553 689 1636 pondera
703 1554 776 1617 facti

98 1634 267 1718 infectique
282 1637 363 1698 mihi.
408 1638 480 1700 Non
493 1637 541 1700 hic
557 1639 682 1702 victoria
696 1638 847 1702 Teucrum

97 1718 248 1799 Vertitur,
263 1728 316 1783 aut
331 1721 430 1785 anima
443 1743 504 1784 una
518 1723 602 1784 dabit
616 1723 786 1786 discmmina
799 1731 894 1788 tanta.

97 1803 225 1867 Dixerat
237 1824 246 1881 ;
268 1805 391 1869 Aeneas
406 1814 509 1869 contra
523 1807 572 1870 cui
587 1808 659 1871 talia
673 1808 793 1871 reddit:

98 1889 229 1971 Argenti
245 1897 334 1972 atque
350 1892 415 1954 auri
429 1913 575 1956 memoras
589 1914 667 1976 quae
681 1895 776 1956 multa
789 1894 914 1974 talenta,

100 1972 207 2036 Gnatis
221 1995 312 2057 parce
327 1976 397 2038 tuis.
441 1978 519 2039 Belli
534 1979 711 2040 commercia
725 1978 845 2042 Turnus

101 2056 228 2121 Sustulit
243 2059 301 2122 ista
314 2060 396 2142 prior
405 2061 470 2143 jam
485 2068 549 2123 tum
564 2062 700 2124 Pallante
715 2069 859 2144 peremto.

98 2142 166 2205 Hoc
181 2144 274 2225 patris
288 2144 441 2207 Anchisae
456 2144 575 2222 Manes,
590 2146 647 2208 hoc
662 2147 753 2208 sentit
767 2147 862 2209 Iulus.

99 2226 151 2291 Sic
165 2228 246 2290 fatus
260 2229 378 2310 galeam
392 2229 479 2291 laeva
493 2235 587 2307 tenet,
603 2235 693 2310 atque
707 2230 820 2293 reflexa

100 2311 224 2374 Cervice
240 2313 351 2375 orantis
367 2313 472 2394 capulo
488 2319 575 2375 tenus
590 2314 720 2395 apphcat
735 2335 847 2378 ensem·

98 2396 131 2457 N
132 2417 166 2458 eo
181 2398 285 2478 procul
300 2396 514 2475 Haemonides,
524 2397 637 2459 Phoebi
650 2398 829 2481 Triviaeque
844 2399 997 2479 sacerdos,

98 2480 201 2542 Insula
215 2481 263 2543 cui
278 2501 364 2543 sacra
378 2481 535 2543 redimibat
549 2488 683 2563 tempora
698 2482 784 2561 vitta,

98 2564 191 2626 Totus
206 2566 355 2627 collucens
371 2572 454 2628 veste
470 2571 560 2648 atque
574 2566 739 2647 insignibus
754 2565 843 2629 armis
856 2588 864 2630 τ

99 2647 196 2720 Quem
212 2669 388 2730 congressus
403 2650 466 2730 agit
481 2671 596 2732 campo,
610 2652 785 2733 lapsumque
801 2656 973 2735 superstans

97 2732 247 2810 Immolat,
261 2733 435 2816 ingentique
449 2735 555 2796 umbra
570 2735 646 2816 tegit
658 2754 667 2811 3
689 2756 773 2799 arma
789 2734 928 2798 Serestus

97 2817 194 2881 Lecta
207 2817 302 2880 refert
315 2819 457 2896 humeris,
472 2819 537 2897 tibi,
549 2839 602 2881 rex
618 2818 761 2898 Gradive,
777 2825 940 2903 tropaeum.
1001 2899 1003 2904 Ι

58 2908 61 2914 ’
97 2901 274 2964 Instaurant
288 2902 367 2965 acies
382 2903 513 2966 Vulcani
529 2903 621 2986 stirpe
637 2909 756 2967 oreatus

98 2984 247 3048 Caeculus
262 2993 293 3048 et
307 2987 429 3050 veniens
445 2987 614 3050 Marsorum
627 2988 775 3051 montibus
792 2986 915 3050 Umbro.

96 3070 288 3134 Dardanides
303 3077 407 3134 contra
421 3072 504 3134 furit.
549 3071 683 3134 Anxuris
698 3092 768 3134 ense
783 3071 933 3133 sinistram

97 3153 140 3216 Et
155 3160 250 3216 totum
266 3156 365 3238 clypei
378 3157 458 3218 ferro
473 3156 626 3239 dejecerat
642 3155 763 3231 orbem3
778 3190 822 3201 -

96 3238 225 3300 Dixerat
237 3239 287 3300 ille
302 3239 414 3321 aliquid
427 3261 579 3321 magnum,
594 3241 713 3322 vimque
729 3241 819 3302 affore
833 3239 924 3302 verbo

98 3322 288 3401 Crediderat,
304 3324 445 3405 coeloque
461 3325 593 3386 animum
608 3326 733 3387 fortasse
749 3324 878 3402 ferebat,

97 3404 305 3488 Canitiemque
320 3408 374 3469 sibi
390 3414 421 3469 et
434 3409 538 3490 longos
551 3409 728 3491 promiserat
742 3428 834 3471 annos
848 3427 856 3484 ;
868 3440 912 3453 -

96 3489 259 3572 Tarquitus
274 3493 425 3553 exsultans
441 3498 545 3554 contra
558 3492 742 3574 fulgentibus
757 3493 859 3570 armis,

98 3571 255 3636 Silvicolae
270 3575 374 3637 Fauno
389 3576 512 3659 Dryope
527 3597 617 3658 quem
631 3576 763 3660 nympha
777 3580 907 3653 crearat,

98 3655 212 3720 Obvius
228 3659 346 3721 ardenti
361 3680 427 3721 sese
443 3661 558 3722 obtuht.
603 3661 660 3722 Ille
675 3661 803 3722 reducta

97 3742 236 3805 Loricam
251 3743 407 3826 clypeique
423 3745 529 3825 ingens
544 3765 617 3807 onus
631 3745 756 3828 impedit
769 3745 867 3806 hasta.
