2496 4334
442 285 602 333 sauumos
632 287 696 334 mn.
727 287 775 333 111.
1041 273 1104 339 305

65 437 175 502 Audiit
189 445 221 502 et
232 439 292 502 voti
307 439 446 502 Phoebus
461 439 624 503 succedere
636 445 753 523 partem

65 523 171 586 Mente
187 525 281 603 dedit,
296 531 413 607 partem
427 526 563 588 volueres
578 525 718 607 dispersit
732 527 763 588 in
777 547 886 590 auras:
1056 550 1104 599 795

68 607 226 671 Sterneret
239 616 274 670 ut
288 610 386 671 subita
400 610 550 672 turbatam
565 622 660 672 morte
677 610 842 691 Camillam,

64 693 184 755 Adnuit
198 694 294 756 oranti
307 713 316 770 余
338 694 481 756 reducem
495 701 530 756 ut
544 695 641 777 patria
656 696 717 757 alta
727 696 854 775 videret,

64 777 98 839 N
99 799 137 839 on
151 778 244 856 dedit,
256 779 345 861 inque
361 772 457 841 Notos
472 800 576 841 vocem
592 786 710 841 vertere
727 782 886 862 procellae.

64 862 159 944 Ergo,
174 870 209 924 ut
222 864 311 925 missa
325 884 416 925 manu
430 864 557 926 sonitum
573 864 656 926 dedit
671 865 758 927 hasta
772 887 826 948 per
841 886 940 946 auras,

65 947 247 1009 Convertere
263 948 375 1010 animos
390 969 475 1010 acres
491 950 649 1029 oculosque
665 950 760 1011 tulere

64 1032 176 1094 Cuncti
190 1031 228 1094 ad
243 1033 377 1114 reginam
392 1033 505 1096 Volsci.
551 1033 636 1094 Nihil
650 1034 715 1114 ipsa
729 1052 785 1095 nec
802 1055 893 1097 aurae

62 1116 96 1177 N
97 1138 131 1178 ec
147 1117 259 1179 sonitus
274 1138 396 1196 mernor,
412 1124 465 1180 aut
479 1116 624 1181 venientis
640 1117 676 1179 ab
693 1119 813 1180 aethere
829 1119 892 1199 teli,

62 1201 162 1263 Hasta
176 1202 230 1264 sub
247 1209 395 1264 exsertam
410 1202 504 1264 donec
519 1203 636 1283 perlata
652 1203 793 1284 papillam

62 1285 182 1365 Haesit,
194 1287 419 1368 virgineumque
436 1287 495 1349 alte
509 1287 584 1348 bibit
597 1294 666 1349 acta
681 1307 827 1350 cruorem.

64 1369 254 1433 Concurrunt
269 1370 403 1453 trepidae
419 1372 552 1450 comites,
567 1372 774 1454 dominamque
790 1379 928 1437 ruentem

64 1454 247 1538 Suscipiunt.
290 1455 384 1537 Fugit
398 1463 467 1518 ante
482 1477 583 1519 omnes
599 1458 759 1520 exterritus
773 1457 893 1522 Arruns

62 1540 192 1603 Laetitia
206 1540 356 1623 mixtoque
371 1547 464 1620 metu,
476 1562 531 1604 nec
542 1542 606 1624 jam
621 1543 746 1625 amplius
761 1543 863 1607 hastae

47 1623 207 1703 Credere,
221 1645 278 1688 nec
294 1625 360 1687 telis
375 1646 533 1688 occurrere
545 1626 667 1708 virginis
683 1628 784 1690 audet.

61 1709 111 1772 Ac
126 1711 209 1772 velut
223 1710 284 1789 ille,
299 1711 381 1793 prius
396 1732 486 1792 quam
501 1711 562 1773 tela
575 1711 695 1774 inimica
708 1718 883 1794 sequantur,

63 1794 210 1858 Continuo
224 1795 256 1856 in
269 1801 384 1858 montes
400 1815 465 1858 sese
481 1796 564 1858 avius
580 1796 693 1858 abdidit
708 1798 783 1860 altos

63 1878 171 1942 Occiso
185 1887 303 1963 pastore
318 1881 406 1963 lupus
421 1902 565 1963 magnove
576 1881 717 1963 juvenco,

62 1964 207 2027 Conscius
222 1964 344 2027 audacis
358 1965 441 2045 facti,
458 1966 642 2047 caudamque
659 1968 826 2030 remulcens

63 2048 198 2133 Subjecit
212 2050 396 2133 pavitantem
410 2057 507 2130 utero,
518 2051 667 2132 silvasque
682 2051 807 2131 petivit:

61 2134 155 2197 Haud
170 2156 256 2197 secus
272 2156 309 2196 ex
324 2136 417 2198 oculis
432 2156 464 2198 se
481 2135 617 2197 turbidus
632 2136 755 2197 abstulit
768 2135 900 2216 Arruns,

62 2218 287 2302 Contentusque
302 2220 375 2302 fuga
388 2221 494 2283 mediis
505 2241 537 2283 se
552 2220 712 2283 immiscuit
727 2222 826 2283 armis.

60 2304 120 2367 Illa
134 2325 224 2367 manu
238 2305 365 2367 moriens
381 2307 472 2367 telum
487 2305 598 2381 trahit3
621 2326 689 2368 ossa
702 2306 755 2368 sed
769 2306 849 2368 inter

60 2389 192 2452 Ferreus
207 2389 246 2451 ad
262 2396 357 2451 costas
373 2392 433 2452 alto
448 2396 508 2452 stat
522 2391 645 2452 vulnere
660 2411 773 2452 mucro

61 2473 188 2537 Labitur
202 2475 372 2555 exsanguis,
387 2476 528 2537 labuntur
542 2475 652 2556 frigida
663 2474 724 2537 leto

61 2557 199 2638 Lumina,
214 2580 382 2641 purpureus
398 2560 547 2642 quondam
561 2561 641 2621 color
655 2580 708 2622 ora
722 2559 853 2642 reliquit.

61 2645 139 2707 Tum
154 2645 196 2707 sic
212 2644 365 2725 exspirans
380 2643 507 2724 Accam,
520 2665 557 2706 ex
572 2645 747 2727 aequalibus
761 2665 862 2724 unam,

61 2728 245 2811 Alloquitur,
260 2729 321 2791 fida
336 2736 406 2792 ante
422 2730 493 2791 alias
508 2749 585 2811 quae
598 2730 660 2791 sola
676 2728 830 2807 Camillae,

63 2813 191 2886 Quicum
205 2814 310 2896 partiri
325 2834 424 2892 curas,
441 2821 531 2896 atque
545 2814 620 2875 haec
636 2814 679 2876 ita
693 2814 794 2876 fatur:

62 2898 231 2977 Hactenus,
247 2900 332 2961 Acca
347 2919 440 2977 soror,
455 2898 557 2981 potui余
580 2919 660 2960 nunc
673 2899 780 2960 vulnus
795 2895 937 2961 acerbum

63 2982 201 3062 Conficit,
215 2990 246 3045 et
259 2984 391 3046 tenebris
405 2984 579 3065 nigrescunt
594 2983 692 3044 omnia
707 2983 829 3045 circum.

62 3068 171 3150 Effuge
187 3075 218 3130 et
231 3070 306 3131 haec
323 3068 423 3131 Turno
438 3067 579 3129 mandata
592 3067 751 3128 novissima
765 3067 887 3148 perfer:

64 3151 215 3215 Succedat
229 3174 348 3236 pugnae
364 3153 566 3236 Trojanosque
582 3157 684 3213 arceat
699 3151 784 3212 urbe.

61 3238 192 3320 Jamque
208 3240 284 3300 vale.
332 3236 427 3301 Simul
441 3237 487 3299 his
503 3236 589 3298 dictis
603 3236 759 3318 linquebat
772 3234 915 3314 habenas,

61 3322 114 3385 Ad
127 3328 239 3385 terram
249 3345 308 3386 non
323 3329 427 3405 sponte
442 3323 547 3384 fluens.
593 3321 670 3383 Tum
684 3321 795 3404 frigida
808 3325 871 3382 toto

62 3407 223 3470 Paullatim
238 3408 362 3470 exsolvit
378 3428 410 3469 sc
427 3426 561 3488 corpore,
575 3407 716 3488 lentaque
732 3406 808 3468 colla

62 3493 105 3554 Et
120 3498 240 3574 captum
254 3493 314 3555 leto
329 3491 427 3575 posuit
442 3497 543 3573 caput,
556 3511 639 3553 arma
653 3491 844 3572 relinquens余

62 3577 196 3659 Vitaque
213 3599 281 3639 cum
296 3578 409 3659 gemitu
423 3576 502 3658 fugit
515 3577 671 3657 indignata
685 3575 740 3638 sub
754 3573 884 3634 umbras.

62 3663 140 3724 Tum
152 3683 222 3725 vero
234 3663 393 3724 immensus
409 3681 535 3743 surgens
549 3661 620 3723 ferit
635 3679 727 3723 aurea
742 3658 853 3720 clamor

65 3746 172 3810 Sidera
185 3767 193 3824 余
217 3747 334 3830 dejecta
350 3746 500 3892 crudppppt
514 3766 616 3829 pugna
632 3744 757 3808 Camilla
771 3761 780 3818 3
