2496 4334
138 266 202 330 280
484 285 514 331 r.
536 283 680 332 vmcmn
700 282 846 331 nsaoms

137 434 195 499 Ille
210 442 311 499 autem
324 437 490 520 impavidus
505 444 606 522 partes
621 442 781 500 cunctatur
794 436 826 498 in
841 457 954 519 omnes,

138 520 287 584 Dentibus
302 523 486 602 infrendens,
501 530 534 585 et
547 529 633 603 tergo
647 522 764 584 decutit
777 523 900 585 hastas:

138 605 233 668 Haud
248 607 345 686 aliter,
352 608 453 690 justae
469 608 575 690 quibus
591 613 637 668 est
651 605 820 668 Mezentius
834 607 910 687 irae,

138 690 210 753 Non
223 692 276 752 ulli
291 697 337 754 est
352 693 466 754 animus
480 692 584 755 stricto
599 711 778 754 concinnere
794 691 895 768 fer-ro;

138 775 301 838 Missilibus
315 778 404 858 longe
419 783 451 839 et
460 783 545 840 vasto
561 777 689 838 clamore
703 777 866 838 lacessunt.

138 860 275 924 Venerat
289 862 419 943 antiquis
435 861 561 945 Corythi
574 861 613 922 de
627 860 735 922 finibus
750 859 866 939 Aaron,

139 943 249 1008 Graius
264 947 361 1024 homo,
372 947 498 1009 infectos
511 947 650 1027 linquens
664 945 809 1028 profugus
823 945 1026 1028 hymenaeos:

137 1029 230 1092 Hunc
245 1030 297 1092 ubi
310 1031 485 1094 miscentem
500 1031 588 1112 longe
602 1029 702 1092 media
716 1029 835 1111 agmina
849 1030 934 1109 vidit,

138 1114 328 1197 Purpureum
342 1117 447 1198 pennis
462 1123 493 1178 et
507 1121 615 1198 pactae
630 1114 765 1196 conjugis
780 1120 859 1177 ostro
873 1133 882 1190 3

137 1199 288 1281 Impastus
304 1202 422 1263 stabula
435 1202 497 1264 alta
510 1201 557 1262 loo
573 1219 630 1261 oeu
644 1218 733 1280 saepe
748 1218 913 1281 peragrans
926 1231 971 1244 -

139 1281 255 1346 Suadet
269 1285 348 1347 enim
362 1305 474 1348 vesana
487 1285 582 1346 fames
596 1282 676 1344 -si
687 1283 764 1347 forte
777 1284 918 1366 fugacem

138 1367 300 1451 Conspexit
315 1390 454 1452 capream
468 1376 521 1432 aut
533 1374 706 1450 surgentem
719 1368 751 1430 in
767 1388 879 1431 cornua
894 1388 1027 1447 cervum,

138 1452 270 1532 Gaudet,
285 1455 370 1517 hians
385 1455 523 1532 immane,
539 1473 697 1534 comasque
713 1453 837 1531 arrexit,
853 1461 885 1515 et
898 1454 1005 1515 haeret

136 1538 310 1684 gisceribus
322 1560 412 1623 super
425 1539 599 1602 incumbens
612 1557 621 1614 3
643 1538 718 1600 lavit
731 1537 866 1621 improba
880 1543 960 1601 teter

166 1644 202 1685 ra
216 1643 324 1687 cruor:

138 1705 188 1769 Sic
204 1707 264 1770 ruit
277 1709 310 1770 in
324 1708 431 1771 densos
446 1709 545 1771 alacer
559 1705 727 1770 Mezentius
741 1707 851 1770 hostes.

137 1789 289 1855 Sternitur
302 1793 406 1856 infelix
420 1792 535 1872 Aaron,
551 1801 582 1856 et
594 1792 725 1854 calcibus
739 1798 836 1854 atram

39 1895 41 1901 ·
135 1876 248 1939 Tundit
262 1879 384 1940 humum
399 1880 562 1961 exspirans,
578 1877 765 1959 infractaque
780 1877 842 1938 tela
857 1881 1006 1940 cruentat.

134 1960 240 2043 Atque
254 1962 335 2024 idem
349 1963 516 2044 fugientem
530 1962 611 2024 haud
626 1968 673 2024 est
687 1961 828 2043 dignatus
842 1960 966 2024 Oroden

136 2044 291 2126 Sternere,
305 2068 361 2110 nec
372 2049 457 2131 jacta
471 2068 595 2110 caecum
609 2046 682 2108 dare
698 2046 944 2143 cuspideorulnus
958 2066 967 2123 ;

135 2130 249 2195 Obvius
265 2132 451 2214 adversoque
466 2131 607 2210 occurrit,
619 2151 711 2214 seque
727 2132 791 2193 viro
806 2153 852 2194 vm

40 2287 43 2301 1
136 2215 280 2295 Contulit,
294 2217 375 2279 haud
390 2217 471 2279 furto
485 2217 589 2279 melior
603 2215 656 2278 sed
671 2216 796 2278 fortibus
811 2215 911 2278 armis.

134 2301 212 2362 Tum
227 2322 318 2383 super
332 2303 481 2384 abjectum
496 2302 590 2384 posito
607 2300 684 2383 pede
698 2300 786 2362 nixus
801 2307 833 2362 et
847 2300 955 2362 hasta:

134 2384 210 2448 Pars
224 2387 295 2448 belli
309 2387 390 2449 haud
404 2386 575 2464 temnenda,
591 2386 658 2463 viri,
669 2386 753 2468 jacet
767 2386 845 2447 altus
862 2383 988 2447 Orodes.

136 2468 329 2533 Conclamant
343 2472 415 2534 socii
428 2474 541 2534 laetum
556 2491 672 2553 paeana
686 2469 792 2532 secuti.

133 2554 190 2617 Ille
206 2563 307 2618 antem
322 2559 495 2640 exspirans:
520 2555 590 2618 Non
604 2576 663 2633 me,
676 2555 855 2636 quicumque
871 2574 915 2633 es,
926 2554 1043 2633 inulto„

134 2640 252 2719 Victor,
266 2662 322 2703 nec
337 2643 459 2723 longum
473 2641 624 2703 laetabere
637 2662 644 2702 :
669 2647 699 2701 te
716 2659 834 2721 quoque
849 2639 913 2701 fata
1123 2657 1170 2706 740

134 2723 333 2807 Prospectant
347 2728 440 2809 paria,
453 2733 544 2808 atquc
560 2725 666 2788 eadem
679 2745 748 2786 mox
763 2744 836 2786 arva
850 2723 976 2786 tenebis.

133 2810 186 2871 Ad
201 2830 290 2891 quem
304 2811 460 2873 subridens
476 2811 570 2872 mixta
584 2809 751 2871 Mezentius
765 2809 811 2870 ira
825 2830 833 2870 t

133 2893 224 2956 Nunc
240 2915 377 2969 morere3
401 2903 448 2957 ast
462 2896 500 2957 de
516 2916 563 2956 mc
579 2895 681 2956 divum
703 2899 789 2976 pater
804 2899 894 2974 atque
909 2891 1060 2955 hominum
1074 2912 1128 2954 rex

133 2978 273 3042 Viderit!
318 2981 385 3042 Hoc
401 2981 503 3042 dicens
519 2979 622 3042 eduxit
637 2999 761 3060 corpore
777 2978 881 3039 telum.

134 3061 193 3124 Olli
209 3063 285 3125 dura
300 3066 383 3146 quies
398 3067 498 3129 oculos
514 3072 546 3127 et
559 3066 676 3127 ferreus
691 3069 781 3144 urget
1123 3080 1171 3127 745

134 3145 273 3226 Somnus,
283 3149 315 3211 in
330 3157 483 3213 aeternam
498 3150 678 3213 clauduntur
691 3148 804 3209 lumina
817 3151 947 3208 noctem.

133 3230 281 3294 Caedicus
296 3233 479 3298 Alcathoum
493 3236 662 3312 obtruncat,
680 3231 822 3295 Sacrator
837 3230 1006 3314 Hydaspen
1020 3249 1029 3306 ;

131 3316 386 3399 Partheniumque
403 3320 488 3401 Rapo
504 3325 535 3380 et
549 3319 731 3400 praedurum
744 3317 856 3380 viribus
880 3313 997 3390 Orsen3

130 3400 289 3484 Messapus
305 3401 500 3485 Cloniumque
515 3403 758 3486 Lycaoniumque
774 3401 936 3476 Ericeten3

130 3486 221 3549 Illum
234 3487 358 3550 infrenis
375 3489 445 3570 equi
458 3490 543 3570 lapsu
558 3490 666 3549 tellure
676 3487 840 3569 jacentem,
1123 3501 1170 3549 750

131 3572 222 3635 Hune
238 3573 370 3655 peditem
385 3574 487 3656 pedes.
534 3573 576 3634 at
590 3572 701 3655 Lycius
716 3574 904 3654 processerat
918 3568 1008 3650 Agis,

132 3655 228 3728 Quem
243 3665 344 3720 tamen
359 3660 441 3722 haud
456 3678 562 3742 expers
577 3658 708 3721 Valerus
723 3656 841 3718 virtutis
856 3654 954 3716 avitae

130 3740 263 3823 Dejicit3
287 3750 319 3805 at
333 3744 495 3806 Thronium
511 3742 620 3820 Salius,
635 3740 806 3822 Saliumque
822 3739 965 3818 Nealces,

130 3825 261 3910 Insignis
272 3828 374 3910 jaculo
389 3835 420 3892 et
433 3829 522 3909 longe
537 3827 660 3890 fallente
676 3826 796 3907 sagitta.
