2496 4334
444 283 605 330 susumus
631 283 696 328 ΠΒ.
719 282 780 329 VII.

97 435 141 496 Ni
156 434 227 498 dare
244 436 413 519 conjugium
428 441 459 498 et
473 436 553 498 dicto
568 457 674 518 parere
689 435 815 512 fatetur,

99 517 217 582 Sentiat
233 527 263 582 et
278 521 399 583 tandem
414 521 547 583 Turnum
562 521 732 602 experiatur
746 521 777 581 in
792 520 892 583 armis.

141 604 201 667 Hic
212 607 342 689 juvenis,
359 612 458 667 vatem
472 606 610 681 irridens,
625 607 666 668 sic
683 626 750 668 orsa
764 604 893 668 vicissim

100 686 161 751 Ore
176 691 288 752 refert:
315 690 432 753 Classes
447 691 580 752 invectas
596 690 756 774 Thybridis
772 691 884 752 undam

98 773 179 853 Non,
194 781 229 837 ut
243 796 321 852 rere,
336 796 417 837 meas
433 776 537 857 effugit
550 776 672 837 nuntius
688 796 795 837 aures:

98 857 147 920 Ne
163 866 261 922 tantos
274 861 346 921 mihi
360 861 441 941 finge
456 867 571 922 metus:
594 881 651 924 nec
666 856 750 942 r'egia
763 859 786 922 J
787 881 846 922 unc

99 943 258 1006 Immemor
273 951 319 1006 est
333 946 426 1007 nostri
439 965 446 1020 ;

101 1026 162 1090 Sed
177 1035 207 1090 te
223 1029 303 1091 victa
317 1030 376 1091 situ
391 1030 513 1111 verique
529 1029 617 1091 effeta
632 1035 781 1106 senectus,

100 1111 126 1174 0
141 1121 248 1190 mater,
264 1114 342 1176 curis
357 1114 559 1198 nequidquam
574 1120 705 1192 exercet,
721 1120 752 1176 et
767 1133 850 1176 arma

98 1197 217 1280 Regum
230 1199 309 1260 inter
323 1199 398 1261 falsa
412 1206 511 1260 vatem
527 1200 681 1261 formidine
697 1199 783 1261 ludit.

100 1282 180 1345 Cura
195 1284 259 1360 tibi,
276 1284 376 1346 divum
392 1285 504 1365 effigies
520 1290 552 1346 et
566 1285 677 1366 templa
692 1285 791 1359 tueri3

99 1367 185 1431 Bella
199 1368 254 1430 viri
268 1389 432 1451 pacemque
449 1375 566 1450 gerant,
583 1369 648 1451 quis
662 1370 742 1431 bella
756 1368 899 1450 gerenda.

141 1453 262 1516 Talibus
277 1453 396 1516 Allecto
412 1454 499 1516 dictis
514 1455 625 1516 exarsit
638 1455 670 1516 in
684 1454 754 1516 iras.
901 1523 902 1526 Ἴ

99 1538 144 1601 At
154 1538 258 1622 juveni
273 1540 369 1603 oranti
383 1539 498 1602 subitus
513 1545 623 1602 tremor
638 1545 766 1622 occupat
780 1544 885 1615 artus3

99 1625 267 1709 Deriguere
282 1625 379 1688 cculi:
402 1631 447 1687 tct
462 1624 572 1710 Erinys
586 1625 683 1688 sibilat
696 1624 812 1709 hydris,

100 1709 256 1793 Tantaque
272 1731 304 1773 se
318 1711 410 1773 facies
426 1711 532 1794 aperit.
577 1711 654 1772 Tum
668 1712 805 1773 flammea
818 1715 961 1792 torquens

100 1794 238 1874 Lumina,
254 1802 444 1858 cunctantem
460 1803 491 1858 et
506 1803 700 1879 quaerentem
715 1796 816 1858 dicere
830 1796 918 1879 plura

100 1880 233 1963 Repulit,
250 1887 281 1943 et
295 1881 427 1962 geminos
443 1882 538 1943 erexit
553 1882 682 1945 crinibus
698 1901 823 1962 angues,

100 1964 296 2048 Verberaque
312 1966 452 2045 insonuit,
467 1966 629 2048 rabidoque
643 1967 718 2028 haec
734 1965 850 2027 addidit
863 1987 936 2029 cre:

100 2050 149 2111 En
165 2071 221 2132 ego
235 2052 315 2113 victa
329 2052 399 2130 situ,
416 2072 505 2133 quarn
519 2052 583 2113 veri
598 2052 687 2113 effeta
702 2056 842 2113 senectus

100 2133 197 2198 Arma
211 2136 290 2198 inter
304 2157 409 2218 regum
423 2136 499 2199 falsa
512 2136 668 2199 formidine
683 2135 761 2197 ludit
775 2155 783 2210 ;

101 2219 230 2302 Respice
246 2221 394 2285 adhaec:
417 2221 522 2284 adsum
537 2222 669 2285 dirarum
684 2221 721 2283 ab
736 2220 808 2283 sede
824 2241 979 2299 sororum3

101 2303 189 2368 Bella
203 2326 294 2367 manu
308 2307 461 2388 letumque
480 2328 562 2388 gero.

104 2388 154 2452 Sic
170 2392 269 2468 effata,
284 2391 382 2453 facem
391 2392 496 2475 juveni
513 2391 652 2476 conjecit,
668 2395 699 2452 et
713 2396 778 2453 atro

103 2474 228 2537 Lumine
244 2476 392 2538 fumantes
407 2477 472 2538 fixit
486 2477 541 2539 sub
557 2483 678 2560 pectore
692 2475 807 2538 taedas.

104 2558 164 2621 Olli
179 2582 313 2623 somnum
327 2562 433 2643 ingens
448 2561 560 2645 rumpit
572 2582 674 2644 pavcr,
689 2581 815 2642 ossaque
831 2566 862 2622 et
877 2566 959 2624 artus

103 2645 263 2707 Perfundit
278 2652 339 2708 tcto
354 2653 514 2729 proruptus
530 2666 652 2729 corpore
668 2645 768 2708 sudor.

103 2731 200 2793 Arma
214 2751 315 2793 amens
330 2731 441 2809 fremit,
457 2752 541 2794 arma
554 2738 619 2794 tcrc
634 2731 782 2812 tectisque
798 2730 934 2813 requirit.

106 2814 210 2877 Saevit
224 2836 305 2878 amor
319 2816 403 2895 ferri,
415 2822 446 2878 et
460 2817 608 2879 scelerata
622 2816 738 2879 insania
751 2815 833 2893 belli,

104 2901 157 2963 Ira
171 2922 278 2983 super:
302 2922 410 2983 magno
425 2901 519 2963 veluti
533 2923 627 2983 quum
641 2903 759 2963 flamma
773 2920 877 2964 sonore

104 2987 223 3067 Virgea
237 2987 409 3068 suggeritur
421 2987 510 3048 costis
525 2986 666 3048 undantis
681 2985 780 3062 aheni,

105 3072 325 3152 Exsultantque
342 3077 427 3133 aestu
441 3071 544 3134 latices
558 3090 566 3146 ;
589 3071 662 3132 furit
676 3070 756 3131 intus
772 3067 862 3150 aquai

105 3155 249 3218 Fumidus
264 3162 354 3237 atque
370 3157 429 3218 alte
445 3156 556 3239 spumis
571 3156 715 3217 exuberat
730 3153 824 3216 amnis
837 3174 846 3228 3
1098 3173 1146 3222 465

106 3242 173 3303 Nec
184 3241 249 3322 jam
263 3261 294 3302 11
311 3240 391 3322 capit
405 3241 505 3316 unda;
528 3242 609 3303 volat
623 3261 715 3323 vapor
730 3245 795 3301 ater
810 3238 849 3302 ad
864 3259 963 3302 auras.

106 3327 189 3407 Ergo
204 3325 262 3386 iter
277 3324 316 3386 ad
330 3346 434 3406 regem
445 3326 558 3407 polluta
572 3345 647 3408 pace
663 3324 804 3387 Latinum

106 3411 218 3474 Indicit
232 3410 333 3492 primis
343 3411 500 3493 juvenum,
515 3416 547 3472 et
557 3410 645 3493 jubet
659 3431 743 3472 arma
757 3409 867 3492 parari,

107 3495 212 3559 Tutari
227 3495 357 3573 Italiam,
374 3494 534 3558 detrudere
549 3496 657 3558 finibus
671 3497 802 3568 hostem;

109 3580 150 3645 Se
166 3581 238 3643 satis
254 3580 394 3642 ambobus
409 3581 593 3664 Teucrisque
609 3580 711 3642 venire
726 3578 911 3658 Latinisque.
1100 3596 1147 3644 4⁷0

106 3667 196 3730 Haec
211 3664 263 3726 ubi
278 3665 358 3727 dieta
373 3665 467 3743 dedit,
483 3665 625 3749 divosque
640 3665 672 3726 in
686 3669 755 3725 vcta
769 3663 897 3740 vocavit,

108 3751 256 3816 Certatim
270 3770 335 3812 sese
350 3750 457 3813 Rutuli
471 3752 666 3815 exhortantur
679 3749 711 3812 in
725 3767 817 3810 arma.
