2496 4334
455 288 615 334 xnnnmos
640 289 705 334 ura.
730 288 778 334 1v.
1075 274 1137 336 143

98 439 318 504 Transmittrmt
331 462 422 505 eursu
437 461 556 524 campos
571 448 661 524 atque
677 442 797 525 agmina
811 442 893 505 cervi

98 526 316 590 Pulverulenta
329 528 403 609 fuga
418 529 593 608 glomerant,
609 534 784 610 montesque
799 529 982 610 rohnquunt.
1093 545 1140 591 155

97 611 144 674 At
158 633 235 694 puer
249 611 399 674 Ascanius
414 613 519 674 mediis
533 613 565 674 in
580 613 705 675 vallibus
720 613 783 675 aori

100 695 224 759 Gaudet
238 718 315 779 equo
329 717 337 772 ;
351 698 475 780 jamque
489 698 543 759 hos
559 718 659 776 cursu,
670 699 734 780 jam
749 697 893 781 praeterit
907 697 983 776 illos,

101 779 357 864 Spumantemque
373 782 439 844 dari
453 803 562 864 peoora
576 783 655 844 intm
669 784 778 845 inertia
792 783 868 845 votis

100 866 196 949 Optat
210 887 327 949 aprum,
343 874 396 929 aut
409 868 524 929 fulvum
539 867 721 930 descendere
736 875 835 930 monte
851 869 977 930 leonem.

141 951 266 1013 Interea
281 973 390 1034 magno
404 952 523 1014 misceri
537 973 688 1014 mmmure
707 954 823 1014 coelum

98 1037 212 1119 incipit
226 1057 234 1112 ;
256 1037 423 1118 insequitur
438 1038 596 1099 commixta
611 1038 757 1119 grandine
772 1037 904 1099 nimbus.

99 1121 143 1184 Et
159 1122 244 1204 Tyrii
259 1122 381 1184 comites
396 1122 516 1204 passim,
531 1128 563 1184 et
579 1123 708 1205 Trojano
717 1123 873 1205 juventus,

99 1206 332 1288 Dardaniusque
347 1227 439 1290 nepos
456 1207 597 1285 Veneris,
613 1208 732 1269 diversa
746 1229 801 1289 per
815 1227 902 1288 agros

100 1292 197 1355 Tecta
210 1298 294 1354 metu
309 1293 422 1374 petiere
437 1312 444 1368 ;
468 1299 559 1355 ruunt
575 1293 612 1354 de
628 1293 776 1354 montibus
792 1312 905 1355 amnes.

102 1375 284 1458 Speluncam
299 1377 378 1439 Dido
394 1376 455 1438 dux
470 1384 501 1439 et
514 1377 659 1460 Trojanus
675 1378 810 1439 eamdem

100 1462 285 1525 Deveniunt.
330 1462 433 1524 Prima
448 1469 479 1524 et
494 1463 594 1524 Tellus
610 1468 641 1524 et
655 1463 790 1545 pronuba
803 1462 886 1524 Juno

100 1547 186 1610 Dant
200 1547 339 1629 signum;
362 1548 472 1609 fulsere
488 1548 583 1628 ignes,
599 1554 630 1609 et
646 1547 780 1609 conscius
795 1548 900 1609 aether

104 1630 267 1694 Gonnubiis
280 1652 288 1708 3
311 1653 483 1714 summoque
498 1634 651 1694 ulularunt
666 1633 779 1694 vertice
795 1632 967 1716 Nymphae.

101 1717 159 1780 Ille
176 1717 238 1780 dies
254 1717 366 1800 primns
380 1718 433 1779 leti
448 1717 618 1801 primusque
633 1719 778 1779 malorum
803 1754 808 1763 ·

82 1842 86 1851 ·
103 1801 219 1866 Caussa
233 1803 310 1864 fuit:
333 1824 431 1885 neque
448 1803 526 1864 enim
542 1803 640 1884 speeie
655 1803 772 1864 famave
788 1808 935 1880 movetur,
1099 1819 1145 1866 170

102 1888 171 1950 Neo
182 1888 248 1971 jam
262 1887 405 1950 furtivum
419 1888 498 1950 Dido
512 1888 674 1950 meditatur
689 1908 840 1950 amorem:

103 1971 283 2056 Conjugium
297 1979 405 2048 vocat;
427 1974 483 2034 hoe
498 1973 646 2055 praetexit
660 1973 776 2035 nomine
789 1973 917 2055 culpam.

146 2057 305 2140 Extemplo
320 2058 434 2141 Libyae
449 2078 574 2139 magnas
589 2058 615 2120 it
627 2058 723 2120 Fama
737 2079 792 2139 per
807 2058 916 2133 urbes;

102 2142 198 2205 Fama
211 2143 333 2221 malum,
349 2163 409 2225 qua
423 2164 482 2205 non
497 2143 578 2205 aliud
594 2143 724 2206 velocius
739 2143 833 2204 ullum
846 2162 855 2219 ;

102 2227 272 2290 Mobilitate
288 2228 381 2310 viget,
397 2228 535 2310 viresque
550 2228 678 2310 acquirit
694 2228 792 2290 eundo
805 2247 813 2303 ;

103 2312 205 2375 Parva
219 2319 303 2375 metu
317 2313 422 2396 primo,
436 2335 505 2374 mox
520 2334 585 2375 sese
601 2314 710 2375 attollit
724 2314 755 2374 in
771 2333 870 2391 auras,

104 2397 339 2480 Ingrediturque
355 2399 427 2476 solo,
443 2405 473 2460 et
488 2405 578 2480 eaput
592 2399 671 2460 inter
684 2399 787 2460 nubila
801 2397 911 2461 condit.

104 2482 193 2545 Illam
209 2484 303 2545 Terra
316 2503 436 2565 parens,
451 2483 496 2544 ira
508 2483 626 2545 irritata
641 2482 775 2559 deorum,

106 2567 291 2646 Extremam,
306 2574 342 2629 ut
355 2568 524 2650 perhibent,
541 2567 620 2630 Coeo
637 2567 849 2647 Enceladoque
865 2585 996 2628 sororem

60 2699 63 2704 ·
104 2652 281 2734 Progenuit,
297 2653 422 2735 pedibus
438 2654 567 2715 celerem
582 2659 613 2714 et
627 2652 796 2736 pernicibus
811 2651 877 2729 alio,
1099 2669 1146 2717 180

105 2737 275 2799 Monstrum
290 2738 480 2815 horrendum,
491 2738 598 2818 ingens
611 2761 619 2800 :
644 2737 703 2815 cui,
716 2743 789 2818 quot
799 2743 869 2798 sunt
880 2755 1003 2819 corpore
1015 2736 1145 2817 plumae,

106 2821 163 2884 Tot
177 2822 282 2904 vigiles
298 2823 375 2885 oculi
389 2823 503 2901 subter,
518 2823 652 2884 mirabile
668 2822 762 2899 dictu,
868 2853 870 2858 ·

106 2906 163 2968 Tot
177 2908 309 2988 linguae,
324 2907 449 2970 totidem
464 2929 516 2970 ora
531 2914 647 2985 sonant,
663 2912 707 2968 tot
722 2905 849 2987 subrigit
864 2926 962 2968 auree.

106 2991 205 3054 Nocte
220 2992 302 3054 volat
315 2993 390 3055 coeli
404 2992 501 3055 medio
516 2999 687 3074 torraeque,
704 3012 759 3073 per
774 2992 910 3052 umbram

108 3074 256 3153 Stridens
270 3097 327 3138 nee
343 3077 423 3139 dulci
439 3077 569 3139 declinat
583 3078 696 3139 lumina
710 3096 821 3138 somno.
1102 3091 1147 3138 185

106 3159 189 3224 Luce
205 3161 291 3223 sedet
306 3168 406 3224 custos
426 3168 480 3224 aut
500 3162 606 3225 summi
621 3161 749 3225 culmine
765 3159 848 3237 tecti,

107 3245 252 3307 Turribus
267 3252 320 3308 aut
334 3247 412 3325 altis,
428 3253 459 3308 et
473 3268 597 3329 magnas
613 3247 732 3309 territat
746 3245 853 3320 urbes;
976 3242 987 3257 ’

106 3330 180 3393 'lam
194 3330 258 3393 ficti
272 3331 416 3413 pravique
431 3339 522 3394 tenax
537 3353 626 3414 quam
640 3331 745 3393 nuntia
759 3331 832 3393 veri.

106 3416 193 3478 Haeo
209 3420 274 3477 tum
287 3417 443 3499 multiplici
457 3419 579 3499 populos
594 3437 728 3478 sermone
743 3416 879 3497 replebat

108 3500 263 3579 GaudenS,
279 3507 310 3562 et
324 3503 437 3583 pariter
451 3503 532 3564 facta
548 3509 637 3583 atque
652 3502 764 3563 infecta
780 3501 927 3562 canebat:
1103 3517 1148 3565 190

108 3586 236 3647 Venisse
251 3585 390 3664 Aenean,
406 3587 534 3669 Trojano
550 3608 568 3648 a
582 3588 726 3668 sanguine
742 3590 869 3663 cretum,

110 3670 166 3732 Oui
180 3691 212 3732 se
228 3671 354 3752 pulchra
368 3672 431 3733 viro
447 3672 589 3753 dignetur
598 3673 727 3754 jungere
743 3669 823 3731 Dido
840 3688 847 3743 ;

109 3755 200 3817 Nunc
215 3755 343 3817 hiemem
357 3756 436 3818 inter
450 3778 483 3819 se
498 3758 581 3834 luxu,
597 3778 687 3838 quam
701 3756 802 3834 longa,
819 3756 933 3834 fovere,
