2496 4334
463 293 623 343 anunmos
646 295 710 341 ma.
734 294 768 341 x.
1076 274 1139 342 267

97 445 204 526 Filius,
220 447 360 529 aequales
375 446 532 510 comitatus
547 448 640 510 classe
657 453 804 526 catervas,

97 531 259 613 Ingentem
274 531 363 593 remis
380 530 564 594 Centaurum
579 531 858 615 promovet—ille
1092 549 1139 597 195

98 615 199 678 Instat
211 636 319 698 aquae,
334 637 497 697 saxumque
514 617 602 679 undis
616 617 744 678 immane
760 617 891 678 minatur

97 699 224 763 Arduus
235 707 321 762 —et
335 701 425 782 longa
439 701 536 763 sulcat
549 701 643 763 maria
657 702 719 763 alta
733 701 845 763 carina.

142 784 199 846 Hle
215 784 305 847 etiam
320 785 424 867 patriis
440 804 548 866 agmen
563 786 623 848 ciet
639 783 742 848 Ocnus
757 785 794 849 ab
812 785 883 865 oris,

97 865 254 931 Fatidicae
270 868 394 932 Mantus
409 876 442 931 et
456 869 546 932 Tusci
559 871 638 932 filius
653 870 759 949 amnis,

99 950 159 1024 Qui
173 974 273 1016 muros
287 954 450 1035 matrisque
466 954 549 1016 dedit
564 955 628 1033 tibi,
643 954 782 1033 Mantua,
793 973 923 1029 nomen3
943 1020 945 1024 ,

98 1036 227 1100 Mantua
242 1038 326 1101 dives
341 1038 415 1117 avis,
431 1038 558 1101 sednon
573 1059 668 1121 genus
683 1040 816 1101 omnibus
831 1056 945 1114 unum3

100 1121 183 1184 Gens
196 1122 240 1183 illi
254 1122 373 1206 triplex,
388 1123 488 1206 populi
503 1123 557 1186 sub
571 1130 660 1205 gente
677 1124 815 1206 quaterni
828 1142 837 1198 ;

98 1206 171 1289 Ipsa
186 1213 277 1289 caput
291 1207 427 1290 populis:
451 1207 549 1270 Prisco
564 1209 601 1271 de
617 1209 761 1290 sanguine
776 1207 865 1269 vires.

98 1290 180 1354 Hinc
196 1313 314 1374 quoquc
330 1292 507 1374 quingentos
522 1292 600 1356 inse
615 1291 783 1354 Mezentius
796 1297 904 1370 armat,

100 1374 181 1448 Quos
195 1383 281 1459 patre
297 1377 419 1439 Benaco
434 1376 551 1439 velatus
568 1376 712 1439 arundine
728 1376 837 1459 glauca

99 1459 229 1523 Mincius
243 1461 353 1523 infesta
368 1461 498 1523 ducebat
511 1461 544 1523 in
558 1481 689 1545 aequora
699 1462 781 1544 pinu.

142 1545 173 1607 It
186 1546 285 1628 gravis
300 1545 454 1625 Aulestes,
467 1554 653 1628 centenaque
668 1546 773 1609 arbore
787 1546 913 1608 fluctum

99 1629 250 1693 Verberat
265 1651 445 1712 assurgens:
467 1637 607 1713 spumant
618 1631 696 1694 vada
709 1651 855 1693 marmore
867 1629 966 1694 verso,

99 1714 191 1778 Hunc
206 1715 289 1778 vehit
302 1715 437 1778 immanis
452 1714 555 1777 Triton
570 1721 602 1778 et
616 1716 737 1778 caerula
751 1715 866 1778 concha

99 1799 264 1862 Exterrens
279 1799 368 1880 freta,
381 1800 430 1862 oui
443 1800 573 1863 laterum
586 1807 674 1863 tenus
688 1800 806 1883 hispida
819 1799 903 1862 nanti

99 1883 194 1947 Frons
208 1883 356 1947 hominem
371 1885 516 1968 praefert,
527 1885 560 1947 in
574 1885 690 1968 pristim
705 1884 814 1948 desinit
828 1885 912 1947 alvus
925 1902 935 1961 ;

101 1967 233 2051 Spumea
247 1969 384 2031 semifero
398 1970 453 2032 sub
468 1976 589 2053 pectore
600 1976 767 2032 murmurat
777 1969 868 2031 unda.

100 2052 158 2115 Tot
170 2053 243 2116 lecti
256 2075 395 2136 proceres
409 2061 456 2116 ter
471 2054 555 2117 denis
569 2055 695 2116 navibus
708 2055 792 2116 ibant

101 2137 239 2201 Subsidio
254 2137 373 2222 Trojae,
388 2144 419 2201 et
433 2159 553 2222 campos
567 2140 637 2201 salis
652 2159 721 2201 aere
733 2139 886 2201 secabant.

141 2224 272 2305 Jamque
288 2223 350 2286 dies
365 2224 448 2286 coelo
463 2230 662 2303 concesserat,
678 2225 814 2306 almaque
830 2243 922 2286 curru

99 2307 269 2389 Noctivago
283 2307 404 2370 Phoebe
419 2308 550 2370 medium
564 2309 702 2391 pulsabat
717 2307 900 2392 Olympum:

98 2391 221 2454 Aeneas
235 2426 279 2436 —
292 2412 390 2473 neque
406 2392 484 2455 enim
498 2393 638 2455 membris
653 2393 706 2454 dat
720 2414 794 2455 cura
808 2392 940 2474 quictem
950 2424 994 2437 -

99 2476 170 2559 Ipse
185 2475 293 2539 sedens
308 2477 484 2559 clavumque
500 2477 579 2559 regit
594 2477 726 2560 velisque
741 2476 828 2539 minis
876 2481 899 2539 t.

98 2561 203 2644 Atque
218 2560 261 2622 illi
274 2561 372 2623 medio
386 2561 418 2623 in
432 2562 527 2643 spatio
543 2563 661 2640 chorus,
677 2582 760 2640 ecce,
775 2581 897 2624 suarum

101 2644 242 2708 Occurrit
255 2646 412 2708 comitum:
437 2646 610 2730 Nymphae,
625 2667 700 2728 quas
715 2647 793 2709 alma
809 2645 931 2730 Oybebe

99 2730 223 2792 Numen
236 2731 346 2793 habere
361 2731 451 2792 maris
466 2730 683 2814 Nymphasque
699 2751 716 2794 c
730 2731 856 2793 navibus
871 2751 936 2793 esse

98 2815 121 2877 J
122 2821 249 2893 usserat,
262 2815 406 2877 innabant
420 2815 533 2899 pariter
546 2816 714 2898 fluctusque
730 2815 883 2895 secabant,

100 2898 181 2972 Quot
196 2900 277 2982 prius
292 2906 414 2983 aeratae
429 2905 577 2962 steterant
590 2899 630 2972 ad
644 2901 733 2963 litora
747 2920 864 2983 prorae.

98 2983 279 3065 Agnoscunt
292 2985 381 3065 longe
396 3005 510 3066 regem,
525 2985 714 3066 lustrantque
730 2985 855 3047 choreis.

99 3068 235 3141 Quarum
250 3088 327 3151 quae
342 3069 426 3130 fandi
441 3069 622 3147 doctissima,
635 3068 825 3152 Oymodooea

99 3153 183 3216 Pone
199 3163 327 3235 sequens
342 3153 449 3215 dextra
463 3154 585 3236 puppim
599 3159 695 3232 tenet,
709 3154 834 3236 ipsaque
850 3152 938 3216 dorso

99 3238 234 3316 Eminet,
249 3258 284 3299 ac
300 3239 387 3300 laeva
401 3238 500 3300 tacitis
516 3237 701 3320 subremigat
714 3238 813 3300 undis.

99 3324 177 3386 Tum
192 3323 233 3385 sic
249 3322 387 3403 ignarum
401 3322 581 3404 alloquitur:
605 3322 772 3405 Vigilasne,
788 3323 878 3386 deum
893 3341 978 3406 gens,

98 3405 233 3493 Aenea?
256 3407 369 3488 Vigila,
385 3412 417 3468 et
431 3407 504 3469 velis
518 3406 650 3470 immitte·
659 3407 812 3470 rudentes.
1025 3460 1027 3464 .

99 3492 165 3555 Nos
181 3512 293 3569 sumus,
305 3491 417 3553 Idaeae
433 3512 517 3554 sacro
533 3491 571 3552 ds
586 3492 698 3554 vertice
714 3493 813 3574 pinus,
1094 3506 1141 3554 230

99 3577 132 3639 N
134 3597 191 3638 unc
208 3576 307 3658 pelagi
322 3575 495 3660 Nymphae,
511 3576 613 3637 classis
627 3582 690 3638 tua.
736 3575 874 3639 Perfidus
888 3580 924 3636 ut
937 3593 990 3637 nos

100 3661 287 3742 Praecipites
302 3661 382 3722 ferro
397 3661 527 3722 Rutulus
542 3661 720 3742 flammaque
735 3658 909 3742 premebat3

99 3745 248 3829 Rupimus
262 3745 373 3808 invitae
389 3752 442 3809 tua
457 3745 588 3825 vincula,
603 3749 694 3828 teque
710 3765 765 3828 per
780 3764 892 3827 aequor
