2496 4334
453 280 634 327 stoacmort
655 280 721 327 LIB-
744 280 792 326 1v.

103 435 283 500 (lommixtus
297 442 416 512 tenues,
430 432 509 516 fugit
523 433 642 498 diversa
652 390 780 517 pieque
795 434 889 513 illum,

100 522 298 584 Prensantem
311 518 516 604 nequidquam
529 520 661 599 umbras,
678 526 709 583 et
723 522 817 583 multa
831 521 981 583 volentem

99 607 221 684 Dicere,
236 611 396 689 praetcrea
410 604 504 680 vidit3
526 624 583 667 nee
597 606 723 687 portitor
738 603 810 668 Orci

98 691 238 774 Amplius
252 691 401 775 objectam
415 710 520 773 passus
534 690 662 753 mansne
677 690 826 773 paludem.

99 776 179 850 Quid
193 774 332 838 faceret?
356 797 416 858 quc
430 795 463 838 se
478 781 566 858 rapta
579 775 625 837 bis
640 777 766 859 conjuge
781 774 897 838 ferret?

99 853 165 935 Qud
179 863 254 924 fletu
269 861 388 940 Manes,
405 881 465 944 qua
478 860 612 922 Numina
626 881 699 923 voce
714 859 873 923 moveret?

97 948 157 1010 Illa
172 947 295 1030 quidem
311 945 420 1029 Stygia
433 947 526 1008 nabat
541 946 599 1008 'am
613 946 723 1028 frigida
737 946 855 1030 cymba.

100 1031 227 1116 Septem
241 1032 324 1093 illum
338 1037 416 1094 totos
429 968 588 1114 pe'rbilfdnt
602 1052 640 1093 ex
656 1031 758 1093 ordine
773 1051 891 1094 menses

98 1117 188 1199 Rupe
204 1117 260 1179 sub
276 1117 358 1179 adria
372 1115 485 1179 deserti
498 1115 538 1179 ad
555 1114 722 1200 Strymonis
736 1115 848 1177 undam

99 1203 248 1280 Flevisse,
263 1208 295 1264 et
309 1200 416 1283 gelidis
429 1202 505 1264 haec
521 1201 664 1264 evolvisse
679 1202 734 1264 sub
750 1201 854 1279 antris,

98 1287 287 1350 Muleentem
301 1287 406 1369 tigres,
421 1293 453 1349 et
467 1293 607 1369 agentem
622 1287 752 1350 carmine
767 1307 907 1370 quercus.

99 1372 206 1447 Qualis
221 1373 350 1455 populea
363 1393 500 1435 maerens
514 1372 673 1456 philomela
687 1373 741 1435 sub
756 1373 862 1436 umbra

97 1458 236 1521 Amisscs
251 1457 388 1540 queritur
400 1457 497 1533 fetus3
520 1478 594 1541 quos
610 1457 703 1520 durus
717 1465 818 1520 arator

101 1543 275 1606 Observans
289 1543 359 1605 nido
373 1543 528 1626 implumes
544 1542 690 1606 detraxit:
714 1546 746 1605 at
760 1544 811 1606 illa

98 1629 170 1692 Flet
184 1635 315 1707 noctem,
330 1648 471 1711 ramoque
486 1628 593 1692 sedens
606 1629 774 1692 miserabile
789 1648 910 1690 carmen

98 1715 252 1796 Integrat,
268 1720 300 1776 et
313 1714 434 1777 maestis
447 1715 508 1777 late
523 1715 590 1777 loca
604 1715 757 1797 questibus
771 1713 885 1797 implet.

99 1801 196 1862 Nulla
210 1800 327 1877 Venus,
343 1820 402 1861 non
416 1800 468 1861 ulli
483 1800 615 1862 a’nimum
627 1801 737 1862 flexere
752 1799 920 1883 hymenaei.

101 1884 191 1948 Solus
207 1884 421 1968 Hyperboreas
436 1885 559 1967 glacies,
576 1885 758 1968 Tanaimque
773 1885 912 1964 nivalem,

99 1972 247 2053 Arvaque
262 1970 405 2053 Rhipaeis
419 1992 572 2053 nunquam
587 1970 710 2032 viduata
724 1971 836 2053 pruinis

99 2055 276 2134 Lustrabat,
291 2061 408 2139 raptam
423 2056 608 2140 Eurydicen,
624 2063 715 2138 atque
731 2056 817 2118 irrita
830 2054 910 2118 Ditis

99 2142 191 2204 Dona
206 2161 350 2223 querens:
375 2147 493 2224 spretae
510 2141 654 2205 Ciconum
670 2163 728 2224 quo
742 2162 865 2204 munere
880 2146 1004 2217 matres,

99 2227 188 2289 Inter
203 2247 289 2288 sacra
303 2225 393 2288 deum
407 2227 604 2310 noctrrnique
619 2228 703 2310 orgia
717 2226 842 2307 Bacchi,

99 2312 295 2395 Discerptum
308 2311 385 2374 latos
394 2313 538 2395 juvenem
552 2332 689 2394 sparsere
704 2333 759 2395 per
774 2333 871 2394 agros.

100 2398 179 2460 Tum
195 2418 325 2479 quoque,
340 2418 506 2460 marmorea
522 2405 613 2480 caput
628 2418 647 2460 a
661 2399 777 2461 cervice
792 2398 944 2460 revulsum

100 2482 231 2564 Gurgite
247 2504 340 2564 quum
354 2483 452 2545 medio
467 2490 588 2565 portans
605 2481 753 2565 Oeagrius
768 2482 890 2545 Hebrus

99 2567 259 2647 Volveret,
275 2567 450 2650 Eurydicen
465 2590 522 2630 vox
536 2569 601 2651 ipsa
616 2575 646 2630 et
660 2568 772 2650 frigida
785 2568 899 2649 lingua,

98 2653 153 2716 Ah
167 2653 307 2715 miseram
322 2653 514 2737 Eurydicen!
539 2654 637 2716 anima
651 2654 785 2735 fugiente
800 2652 943 2727 vocabat3

100 2738 277 2819 Eurydicen
291 2744 353 2801 toto
368 2739 541 2801 referebant
554 2739 673 2801 flumine
689 2740 782 2821 ripae.

144 2825 233 2886 Haec
249 2822 394 2886 Proteus:
418 2830 496 2886 etse
507 2826 594 2907 jactu
609 2823 692 2886 dedit
706 2845 818 2906 aequor
833 2823 865 2884 in
880 2823 992 2895 altum;

101 2908 230 2990 Quaque
246 2908 339 2987 dedit,
355 2915 541 2991 spumantem
557 2909 668 2970 undam
682 2910 737 2971 sub
753 2909 865 2971 vertice
880 2907 975 2970 torsit.

100 2994 147 3055 At
160 3015 222 3055 non
238 2992 374 3076 Cyrene3
396 3015 525 3076 namque
541 2996 619 3056 ultro
635 2995 725 3057 affata
739 2996 911 3056 timentem:

144 3079 239 3157 Nate,
254 3079 326 3140 licet
340 3080 441 3141 tristes
456 3080 553 3142 animo
568 3079 717 3162 deponere
734 3101 831 3142 curas.

102 3163 190 3226 Haec
207 3164 300 3226 omnis
315 3165 408 3226 morbi
424 3185 546 3240 caussa3
568 3165 637 3227 hinc
653 3165 819 3227 miserabile
835 3163 1007 3247 Nymphae,

103 3248 180 3311 Cum
195 3249 303 3332 quibus
318 3250 369 3311 illa
383 3250 487 3312 choros
502 3250 577 3312 lueis
592 3251 726 3332 agitabat
740 3251 772 3312 in
787 3250 865 3327 altis,

103 3333 237 3396 Eritium
251 3335 358 3396 misere
374 3336 488 3418 apibus.
534 3336 580 3397 Tu
594 3357 719 3397 munera
734 3337 858 3419 supplex

103 3419 218 3497 Tende,
233 3425 340 3501 petens
355 3441 470 3503 paoem,
487 3426 518 3483 et
532 3421 634 3482 faciles
649 3442 793 3483 venerare
810 3420 961 3502 Napaeas.

103 3504 243 3585 Namque
261 3503 373 3566 dabunt
389 3507 506 3568 veniam
521 3506 610 3583 votis,
625 3506 743 3587 irasque
759 3506 923 3568 remittent.

105 3587 178 3666 Sed,
193 3588 299 3651 modus
315 3591 419 3652 orandi
434 3591 486 3673 qui
500 3592 549 3669 sit,
565 3592 647 3674 prius
661 3591 764 3653 ordine
780 3591 887 3652 dicam.

103 3673 240 3746 Quatuor
255 3674 375 3738 eximios
390 3677 554 3758 praestanti
570 3697 691 3759 corpore
706 3682 819 3754 tauros,

103 3757 163 3832 Qui
178 3759 232 3821 tibi
246 3781 325 3821 nunc
340 3761 442 3823 viridis
457 3761 622 3844 depascunt
637 3782 752 3823 summa
767 3759 891 3844 Lycaei,

1093 3434 1141 3481 535
