2496 4334
460 284 620 331 ADNDIDOS
642 285 707 331 ΠΒ.
731 285 792 332 VII.

106 439 262 504 Pastorale
277 439 357 503 canit
371 439 499 523 signum,
516 461 666 523 comuque
681 460 807 502 recurvo

106 525 282 588 Tartaream
295 526 423 588 intendit
438 547 559 588 vocem:
585 546 645 608 qua
655 531 797 607 protenus
812 545 897 586 omne

107 609 295 673 Contremuit
309 632 413 673 nemus
429 617 460 673 et
475 611 566 673 silvae
582 611 738 673 insonuere
754 609 921 691 profundae
934 628 941 683 ;

105 695 214 758 Audiit
229 703 260 758 et
275 695 394 758 Triviae¹
407 697 495 778 longe
509 697 603 774 lacus,
620 695 714 758 audiit
728 695 822 757 amnis

108 778 248 843 Sulfurea
262 780 329 843 Nar
344 781 428 843 albus
443 803 532 864 aqua,
548 781 704 863 fontesque
720 780 822 843 Velini
836 799 844 855 ;

106 864 147 927 Et
161 866 296 949 trepidae
311 873 422 928 matres
438 887 575 949 pressere
591 866 630 928 ad
645 871 767 948 pectora
781 872 877 928 natos.

105 949 181 1012 Tum
196 972 267 1013 vero
283 950 322 1013 ad
336 971 439 1013 rocem
456 952 579 1029 celeres,
592 971 652 1033 qua
666 950 792 1012 buccina
807 950 925 1032 signum

104 1035 180 1097 Dira
196 1035 289 1114 dedit,
305 1037 398 1118 raptis
413 1043 596 1098 concurrunt
609 1036 741 1117 undique
757 1035 824 1097 telis

104 1119 245 1183 Indomiti
262 1121 408 1202 agricolae
423 1142 430 1198 ;
453 1143 509 1184 nec
526 1143 585 1183 non
600 1126 632 1182 et
646 1120 735 1182 Troia
750 1120 843 1202 pubes

104 1206 236 1267 Ascanio
251 1205 392 1267 auxillum
407 1207 511 1269 castris
527 1206 652 1268 effundit
666 1205 788 1288 apertis.

104 1289 250 1352 Direxere
265 1289 355 1352 acies.
403 1291 474 1353 Non
483 1293 546 1375 jam
562 1291 730 1353 certamine
740 1289 853 1371 agresti

106 1373 262 1457 stipitibus
277 1374 359 1437 duris
374 1377 474 1458 agitur
489 1377 649 1438 sudibusve
665 1375 831 1458 praeustis3

105 1457 167 1521 Sed
181 1459 261 1522 ferro
276 1460 397 1542 ancipiti
412 1462 588 1539 decernunt,
604 1467 730 1543 atraque
744 1461 805 1522 late

103 1544 260 1608 Horrescit
274 1545 384 1608 strictis
399 1567 486 1627 seges
502 1547 631 1623 ensibus,
647 1566 776 1628 aeraque
792 1545 910 1626 fulgent

105 1627 173 1691 Sole
188 1630 327 1693 lacessita
341 1637 373 1693 et
386 1632 485 1693 lucem
499 1633 553 1694 sub
569 1631 670 1693 nubila
680 1632 799 1713 jactant
813 1651 820 1691 :

101 1713 227 1777 Fluctus
241 1715 286 1776 uti
300 1715 394 1798 primo
409 1716 507 1798 coepit
522 1738 613 1799 quum
628 1716 780 1778 albescere
796 1720 896 1793 vento,

101 1799 261 1862 Paullatim
278 1821 343 1863 sese
358 1802 434 1864 tollit
447 1822 530 1863 mare
546 1808 578 1863 et
591 1802 680 1863 altius
694 1801 790 1863 undas

102 1883 212 1966 Erigit,
226 1885 295 1947 inde
310 1885 369 1948 imo
384 1887 537 1968 consurgit
552 1886 591 1948 ad
606 1887 730 1949 aethera
744 1885 847 1947 fundo.

101 1968 161 2031 Hic
173 1971 292 2053 juvenis
306 1971 431 2052 primam
447 1978 516 2034 ante
533 1971 627 2032 aciem
642 1971 787 2033 stridente
802 1969 924 2050 sagitta,

100 2053 250 2117 Natorum
264 2055 391 2138 Tyrrhei
406 2056 505 2118 fuerat
521 2056 572 2138 qui
585 2056 741 2134 maximus,
757 2055 847 2116 Almo

102 2137 272 2214 Sternitur3
293 2141 391 2203 haesit
406 2142 484 2203 enim
498 2142 552 2203 sub
568 2146 690 2222 gutture
706 2141 824 2217 vulnus,
840 2144 871 2200 et
890 2136 968 2198 udae

100 2224 193 2287 Vocis
207 2225 266 2286 iter
280 2231 460 2308 tenuemque
475 2226 595 2289 inclusit
610 2226 754 2307 sanguine
771 2225 873 2287 vitam.

101 2307 234 2392 Corpora
247 2311 341 2372 multa
355 2311 452 2372 virum
468 2311 558 2389 circa,
574 2312 730 2392 seniorque
748 2308 905 2385 Galaesus,
1092 2318 1138 2366 535

99 2393 182 2456 Dum
196 2395 263 2477 paci
278 2395 408 2457 medium
423 2417 454 2458 se
470 2397 566 2473 offert,
577 2397 760 2479 justissimus
774 2414 852 2456 unus

100 2477 159 2550 Qui
174 2479 242 2558 fuit,
256 2479 458 2562 Ausoniisque
474 2482 542 2543 olim
558 2482 718 2543 ditissimus
734 2480 830 2542 arvis:

100 2562 239 2647 Quinque
255 2586 363 2646 greges
377 2566 421 2627 illi
435 2566 598 2644 balantum,
614 2567 706 2648 quina
720 2565 858 2626 redibant

99 2649 258 2728 Armenta,
274 2658 305 2712 et
320 2657 432 2712 terram
446 2658 567 2713 centum
581 2652 719 2713 vertebat
734 2649 851 2712 aratris.

141 2734 245 2816 Atque
261 2756 298 2797 ea
311 2756 366 2818 per
381 2755 499 2817 campos
515 2757 610 2818 aequo
626 2736 698 2800 dum
717 2734 817 2796 Marte
833 2735 990 2814 geruntur,
1092 2744 1138 2790 540

98 2818 241 2881 Promissi
255 2819 313 2882 dea
327 2820 409 2881 facta
423 2825 539 2902 potens,
555 2821 605 2881 ubi
620 2820 766 2901 sanguine
780 2820 892 2880 bellum

98 2903 221 2982 Imbuit,
238 2910 268 2965 ct
283 2904 395 2986 primae
413 2905 556 2966 commisit
571 2907 677 2966 funera
698 2925 828 2986 pugnae,

99 2989 221 3049 Deserit
234 2988 425 3071 Hesperiam,
441 2996 483 3066 et,
499 2991 573 3052 coeli
589 3009 733 3051 conuersa
747 3010 802 3070 per
816 3007 916 3064 aurae,

97 3072 249 3134 lunonem
264 3074 370 3135 victrix
384 3074 491 3136 affatur
505 3096 576 3136 voce
592 3074 741 3155 superba:

99 3157 148 3219 En
163 3158 298 3238 perfecta
313 3158 366 3219 tibi
380 3158 458 3220 bello
474 3159 622 3221 discordia
637 3158 735 3233 tristi3

98 3241 168 3318 Dic,
184 3242 215 3302 in
231 3242 390 3304 amicitiam
407 3244 513 3305 cebant
528 3250 559 3305 et
574 3243 697 3305 foedera
706 3244 847 3325 jungant.

99 3325 347 3408 Quandoquidem
362 3326 497 3389 Ausonio
512 3329 640 3410 respersi
656 3327 800 3408 sanguine
816 3324 959 3399 Teucros,

98 3409 167 3472 Hoc
184 3410 274 3472 etiam
287 3411 334 3473 his
349 3411 468 3490 addam,
485 3420 537 3474 tua
550 3413 574 3474 si
589 3413 661 3473 mihi
676 3418 760 3474 certa
774 3412 931 3474 voluntas:

98 3495 254 3557 Finitimas
270 3495 302 3556 in
316 3495 394 3557 bella
408 3497 503 3558 feram
518 3497 683 3559 rumoribus
699 3498 798 3573 urbes,

98 3579 335 3662 Accendamque
351 3581 463 3643 animos
477 3582 573 3643 insani
588 3580 697 3643 Martis
713 3600 824 3656 amore,
1093 3587 1140 3635 550

98 3663 242 3746 Undique
257 3671 291 3726 ut
306 3666 414 3728 auxilio
430 3667 569 3741 veniant;
592 3687 731 3748 spargam
747 3683 830 3726 arma
846 3683 900 3744 per
915 3679 1012 3740 agros.

98 3748 177 3810 Tum
192 3755 297 3812 contra
311 3749 333 3810 J
334 3771 411 3812 uno:
436 3751 596 3813 Terrarum
612 3757 643 3811 et
659 3749 774 3811 fraudis
790 3746 908 3809 abunde
925 3750 980 3806 cst.
