2496 4334
409 317 576 364 BUCOLICA.
623 318 747 364 ECLOGA
769 319 822 365 111.

133 471 206 556 Ipse
223 494 279 555 ego
295 493 372 536 cana
385 473 486 555 legam
500 478 607 534 tenera
620 472 763 554 lanugine
778 473 869 551 mala,

135 559 362 641 Castaneasque
377 580 481 637 nuces,
496 578 565 620 mea
580 579 654 640 quas
670 557 835 641 Amaryllis
851 558 990 634 amabat;

134 644 259 706 Addam
274 665 364 707 cerea
379 666 476 727 pruna
489 664 497 719 ;
520 645 613 705 honos
630 644 688 705 erit
703 643 773 705 huic
789 665 909 726 quoque
923 665 1009 726 pomo
1022 661 1032 718 3

134 730 178 792 Et
193 752 257 809 vos,
273 751 290 792 o
305 731 393 809 lauri,
410 751 542 813 carpam,
560 735 591 791 et
606 734 648 806 te,
661 730 795 811 proxima
809 735 928 813 myrte:

136 815 188 878 Sic
211 817 324 899 positae
341 817 480 898 quoniam
495 835 603 877 suaves
617 815 749 877 miscetis
764 815 880 877 odores.
1108 833 1141 882 55

134 902 279 967 Rusticus
294 923 338 980 es,
355 901 495 985 Corydon
509 921 516 976 3
539 922 596 963 nec
611 922 738 963 munera
752 907 840 962 curat
855 900 961 963 Alexis
974 919 983 977 ;

134 987 216 1067 Nec,
232 989 257 1049 si
270 988 444 1049 muneribus
460 993 569 1064 certes,
585 987 733 1048 concedat
747 986 848 1048 lollas.

133 1073 220 1150 Heu,
234 1074 306 1151 heu,
322 1073 395 1155 quid
411 1073 490 1134 volui
503 1072 611 1134 misero
626 1073 697 1133 mihi
712 1071 719 1136 l
743 1072 864 1134 floribus
878 1071 1029 1135 Austrum

133 1158 288 1238 Perditus,
304 1166 336 1220 et
350 1157 470 1240 liquidis
485 1158 592 1220 immisi
606 1158 738 1220 fontibus
753 1178 851 1241 apros.

136 1243 235 1316 Quem
250 1244 341 1327 fugis,
357 1245 396 1306 ah
411 1242 559 1306 demens?
604 1244 791 1306 Habitarunt
806 1243 836 1304 di
852 1263 971 1325 quoque
986 1240 1087 1321 siluas,
1108 1260 1140 1310 60

134 1330 368 1413 Dardaniusque
384 1329 481 1392 Paris.
526 1328 638 1408 Pallas,
654 1351 729 1412 quas
745 1328 880 1392 condidit
895 1349 993 1406 arces,

134 1415 209 1498 Ipsa
223 1417 321 1478 colat:
345 1416 429 1495 nobis
444 1416 584 1498 placeant
600 1422 669 1476 ante
686 1416 784 1478 omnia
799 1416 903 1477 silvae.

135 1502 236 1564 Torva
249 1502 356 1564 leaena
369 1502 473 1583 lupum
489 1500 626 1582 sequitur
639 1521 647 1576 ;
669 1502 758 1584 lupus
774 1501 838 1583 ipse
855 1501 1024 1583 capellam3

135 1587 309 1650 Florentem
326 1587 454 1670 cytisum
469 1586 605 1669 sequitur
620 1587 733 1649 lasciva
747 1587 884 1669 capella;

134 1673 178 1736 'l'e
195 1673 347 1757 Corydon,
363 1694 381 1734 o
394 1671 506 1734 Alexi:
531 1672 624 1734 trahit
639 1693 694 1734 sua
708 1693 858 1755 quemque
874 1672 1022 1755 voluptas.
1106 1687 1139 1736 65

134 1758 260 1842 Aspice,
277 1765 379 1820 aratra
391 1759 466 1841 jugo
481 1758 619 1819 referunt
633 1779 778 1840 suspensa
787 1758 923 1841 juvenci,

135 1845 177 1906 Et
192 1846 235 1907 sol
250 1850 421 1906 crescentes
437 1843 587 1905 decedens
603 1843 738 1926 duplicat
751 1843 893 1906 umbras:

134 1930 188 1992 Me
203 1937 305 1992 tamen
319 1931 380 1991 urit
394 1949 497 2004 am0r3
521 1929 587 2011 quis
603 1929 683 1991 enim
696 1929 801 1992 modus
817 1929 896 1992 adsit
912 1927 1006 1992 amori
1018 1925 1031 1990 l

133 2015 186 2078 Ah
202 2015 355 2099 Corydon,
372 2012 523 2098 Corydon,
538 2035 616 2097 quae
632 2022 663 2078 te
679 2015 831 2077 dementia
845 2013 945 2098 cepit!

137 2100 325 2184 Semiputata
339 2100 393 2162 tibi
407 2100 548 2162 frondosa
562 2101 631 2163 vitis
644 2101 677 2162 in
691 2102 771 2163 ulmo
786 2107 843 2162 est.
1107 2115 1139 2163 70

134 2187 214 2260 Quin
228 2193 264 2249 tu
279 2185 391 2269 aliquid
407 2187 513 2248 saltem
527 2186 636 2268 potius,
652 2208 780 2269 quorum
793 2185 910 2268 indiget
924 2205 1008 2262 usus,

133 2273 304 2336 Viminibus
318 2272 458 2354 mollique
473 2292 561 2354 paras
577 2271 720 2335 detexere
731 2270 847 2355 junco?

134 2359 275 2422 Inrenies
291 2358 393 2435 alium,
409 2358 434 2419 si
449 2364 480 2418 te
494 2355 544 2419 hic
559 2357 686 2438 fastidit,
701 2357 833 2420 Alexim.

427 2823 803 2932 PALAnnou.

501 3023 652 3077 ECLOGA
675 3024 724 3076 Ill.

291 3192 473 3237 MENALCAS.
519 3191 701 3237 DAMOETAS.
747 3192 933 3237 PALAEMON.

135 3299 197 3361 Mc.
214 3300 277 3362 Dio
294 3301 377 3378 mihi,
393 3301 552 3378 Damoeta,
569 3301 670 3382 cujum
684 3299 804 3382 pecus?
828 3321 867 3362 an
882 3297 1050 3361 Meliboei?

134 3385 197 3446 Da.
214 3385 308 3460 Non3
332 3407 437 3448 verum
451 3385 597 3468 Aegonis.
644 3385 753 3467 Nuper
766 3386 839 3447 mihi
854 3384 980 3447 tradidit
993 3383 1114 3465 Aegon.

134 3469 196 3532 Me.
213 3471 324 3533 Infelix
340 3493 357 3533 o
372 3493 501 3553 semper,
517 3492 598 3548 eree,
615 3469 721 3552 pecus!
768 3469 839 3552 Ipse
854 3470 1008 3532 Neaeram

96 3553 171 3616 Dum
186 3557 278 3636 fovet,
295 3577 342 3636 ac,
357 3578 395 3618 ne
410 3578 458 3618 me
474 3557 530 3618 sibi
544 3556 697 3638 praeferat
712 3556 773 3632 illa,
790 3563 923 3633 veretur,

96 3639 151 3703 Hie
167 3643 282 3704 alienus
297 3664 368 3705 oves
384 3648 484 3704 custos
499 3643 545 3703 bis
559 3642 675 3721 mulget
689 3641 721 3701 in
734 3641 828 3702 hora:
1120 3654 1136 3702 5

98 3724 134 3787 Et
148 3749 238 3789 sucus
253 3729 366 3811 pecori,
382 3735 413 3790 et
426 3730 474 3789 lac
489 3726 666 3788 subducitur
680 3727 776 3806 agnis.

135 3813 197 3874 Da.
215 3813 341 3883 Parcius
355 3814 414 3875 ista
427 3813 497 3925 viris
514 3819 614 3874 tamen
629 3811 797 3894 objicienda
810 3813 969 3872 memento.

436 3897 454 3958 1
