2496 4334
429 290 591 337 AENEIDOS
612 291 677 338 LIB.
701 291 740 337 11.

67 439 98 504 Si
112 441 188 504 nihil
203 464 242 506 ex
255 447 341 506 tanta
358 442 481 527 Superis
498 445 597 527 placet
611 445 686 507 urbe
701 443 840 526 relinqui,

64 526 105 588 Et
119 527 209 590 sedet
222 529 278 591 hoc
295 529 403 607 animo,
418 530 629 612 perituraeque
645 530 756 592 addere
773 529 879 613 Trojae
1059 553 1106 604 660

64 611 168 694 Teque
185 618 311 696 tuosque
322 615 430 697 juvat:
454 621 539 697 patet
552 615 602 677 isti
611 616 707 697 janua
720 616 781 677 leto
797 634 805 690 ;

63 696 195 779 Jamque
211 698 310 760 aderit
323 701 417 762 multo
432 699 544 761 Priami
560 699 597 761 de
614 700 758 781 sanguine
774 699 922 783 Pyrrhus,

65 779 200 845 Gnatum
214 791 284 846 ante
300 804 353 846 ora
367 785 471 867 patris,
487 791 604 866 patrem
619 786 670 867 qui
685 786 844 848 obtruncat
859 785 898 847 ad
913 805 990 849 aras.

63 865 132 928 Hoc
149 873 226 946 erat,
242 869 321 931 alma
335 890 454 952 parens,
470 869 550 951 quod
564 891 612 932 me
627 891 682 952 per
696 871 767 947 tela,
782 891 837 952 per
851 871 937 952 ignes

64 949 176 1033 Eripis,
191 959 227 1016 ut
240 954 346 1016 mediis
360 955 476 1017 hostem
490 955 521 1016 in
535 956 749 1036 penetralibus,
764 962 859 1036 utque

62 1036 242 1117 Ascanium,
257 1045 433 1123 patremque
447 1060 559 1117 meum,
570 1041 718 1122 juxtaque
735 1039 890 1118 Creusam,

62 1120 205 1184 Alterum
220 1123 251 1184 in
266 1124 387 1186 altedus
401 1131 546 1186 mactatos
561 1125 706 1206 sanguine
722 1125 869 1186 cernam?

62 1204 173 1284 Arma,
188 1207 255 1285 viri,
270 1209 348 1270 ferte
363 1229 465 1271 arma:
490 1216 578 1271 vocat
591 1211 643 1271 lux
658 1209 763 1270 ultima
778 1210 882 1272 victos.

63 1290 196 1357 Reddite
211 1315 259 1354 me
275 1294 399 1372 Danais,
415 1295 502 1357 sinite
517 1294 683 1356 instaurata
698 1294 827 1356 revisam

63 1374 207 1439 Proelia:
230 1399 383 1460 nunquam
397 1400 499 1441 omnes
513 1379 600 1440 hodie
615 1379 776 1441 moriemur
792 1378 889 1442 inulti.

106 1461 189 1524 Hinc
205 1463 284 1524 ferro
300 1463 439 1546 accingor
453 1484 568 1542 rursus,
584 1465 750 1547 clypeoque
765 1463 916 1528 sinistram

62 1545 253 1610 Insertabam
267 1555 384 1631 aptans,
398 1570 506 1632 meque
522 1555 607 1611 extra
621 1555 704 1612 tecta
717 1550 861 1613 ferebam.

62 1631 146 1694 Ecce
162 1638 264 1696 auum
278 1635 432 1716 complexa
445 1634 539 1717 pedes
553 1634 584 1696 in
598 1635 698 1696 limine
714 1636 822 1718 conjux

61 1715 232 1796 Haerebat,
247 1739 429 1802 parvumque
444 1719 523 1802 patri
538 1719 682 1783 tendebat
696 1719 797 1782 Iulum
809 1716 880 1799 γ’

64 1799 98 1863 Si
112 1802 265 1884 periturus
281 1803 353 1883 abis,
369 1812 401 1867 et
414 1825 468 1868 nos
483 1825 555 1886 rape
570 1804 602 1866 in
616 1805 715 1867 omnia
728 1800 850 1880 teodin;

64 1884 120 1948 Sin
134 1887 264 1971 aliquam
279 1895 420 1972 expertus
434 1891 560 1972 sumptis
575 1911 659 1972 spem
732 1890 739 1904 '
770 1891 802 1952 in
817 1889 919 1969 armis,

61 1970 153 2034 Hanc
169 1973 297 2054 primum
311 1980 410 2038 tutare
428 1975 557 2038 domum.
603 1974 628 2038 O
651 1975 658 1988 ’
696 1995 785 2039 arvus
800 1975 897 2053 Iulus,

62 2055 122 2118 Cui
136 2064 234 2139 pater,
250 2065 282 2121 et
296 2060 404 2143 conjux
417 2060 568 2142 quondam
617 2081 636 2122 a
650 2060 732 2122 dicta
745 2057 921 2141 relinquor?

105 2141 191 2206 Talia
205 2143 370 2208 vociferans
385 2146 498 2227 gemitu
513 2152 543 2207 te
576 2167 627 2206 um
641 2166 727 2207 omne
743 2145 898 2228 replebat:

61 2225 164 2300 Quum
178 2229 309 2292 subitum
324 2231 465 2312 dictuque
481 2252 499 2292 o
516 2231 522 2244 “
539 2253 576 2292 ur
589 2230 723 2292 mirabile
737 2237 912 2292 monstrum.

60 2311 204 2396 Namque
220 2337 325 2378 manus
339 2316 418 2378 inter
432 2338 462 2377 m
499 2322 670 2398 storumque
686 2336 739 2377 ora
752 2321 911 2399 parentum
928 2352 942 2361 -

61 2397 144 2460 Ecce
159 2399 233 2462 levis
248 2422 363 2463 summo
377 2401 414 2463 de
430 2401 543 2472 vertice
558 2401 638 2464 visus
657 2399 718 2461 Iuli

60 2480 202 2546 Fundere
218 2486 320 2548 lumen
334 2507 422 2568 apex,
438 2492 580 2568 tactuque
594 2485 714 2548 innoxia
728 2485 831 2546 molles

60 2568 209 2632 Lambere
223 2571 341 2634 flamma
357 2592 466 2650 comas,
482 2577 513 2633 et
528 2571 641 2633 circum
657 2576 791 2651 tempora
805 2569 898 2653 pasci.

60 2653 93 2715 N
95 2675 127 2716 os
142 2656 242 2736 pavidi
256 2656 407 2738 trepidare
421 2662 516 2734 metu,
531 2656 702 2737 crinemque
717 2656 895 2736 flagrantem

61 2739 226 2818 Excutere,
242 2747 274 2803 et
288 2749 406 2804 sanctos
422 2743 608 2822 restinguere
624 2741 754 2803 fontibus
768 2741 864 2823 ignes.

59 2822 107 2885 At
122 2831 208 2906 pater
221 2826 371 2889 Anchises
387 2828 486 2889 oculos
502 2827 541 2889 ad
556 2826 655 2888 sidera
668 2827 765 2888 laetus

61 2909 190 2988 Extulit,
207 2918 238 2973 et
253 2913 335 2974 coelo
349 2913 464 2994 palmas
480 2933 547 2973 cum
562 2932 635 2973 uoce
650 2910 798 2973 tetendit:

59 2994 184 3076 Jupiter
198 2997 393 3078 omnipotens,
409 2997 546 3079 precibus
561 2996 586 3058 si
600 2996 729 3058 flecteris
745 2995 823 3072 ullis,

59 3079 195 3161 Adspice
210 3103 283 3143 nos:
305 3082 360 3144 hoc
376 3088 493 3144 tantum
507 3101 514 3156 ;
537 3088 578 3159 et,
594 3081 618 3142 si
634 3081 745 3162 pietate
761 3098 921 3156 meremur,

59 3164 111 3225 Da
126 3164 234 3227 deinde
249 3167 402 3246 auxilium,
416 3173 514 3249 pater,
529 3172 619 3247 atque
634 3166 709 3227 haec
725 3164 822 3225 omina
835 3163 931 3225 firma.

103 3250 166 3313 Vix
181 3271 217 3312 aa
231 3251 312 3314 satus
327 3259 393 3313 erat
407 3252 516 3329 senior,
530 3251 687 3332 subitoque
702 3249 821 3330 fragore

60 3333 197 3396 Intonuit
209 3337 340 3415 laevum,
356 3336 439 3398 etde
456 3337 537 3398 coelo
554 3337 638 3417 lapsa
652 3356 707 3418 per
723 3335 843 3397 umbras

62 3417 158 3482 Stella
171 3420 269 3483 facem
284 3423 397 3484 ducens
412 3422 507 3483 multa
521 3441 590 3482 cum
603 3421 671 3482 luce
686 3420 828 3481 cucurrit.

60 3504 159 3582 Illam,
176 3526 290 3568 summa
305 3527 396 3588 super
410 3507 560 3568 labentem
576 3505 704 3567 culmina
718 3504 802 3581 tecti,

61 3589 218 3652 Cernimus
233 3591 328 3655 Idaea
343 3592 454 3654 claram
469 3611 501 3653 se
517 3590 644 3652 condere
660 3589 745 3665 silva,

62 3673 297 3758 Signanmmque
312 3676 376 3739 uias
389 3696 397 3752 3
423 3682 484 3738 tum
499 3677 587 3756 longo
601 3674 694 3735 limite
710 3672 810 3735 sulcus

60 3760 123 3823 Dat
137 3761 249 3841 lucem,
265 3768 296 3824 et
309 3763 370 3824 late
387 3762 500 3824 circum
513 3762 580 3822 loca
594 3759 708 3822 sulfure
722 3757 848 3818 fumant.
