2496 4334
472 270 633 318 AENEIDOS
655 272 720 319 HB.
744 272 790 318 v1.

104 426 235 492 Saturno
251 425 411 508 quondam,
428 444 517 506 super
533 429 564 487 et
581 422 779 488 Garamantas
795 431 825 488 et
840 424 931 491 Indos

103 513 243 576 Proferet
257 511 413 592 imperium
426 530 434 585 3
452 510 536 593 J‘acet
551 516 638 572 extra
652 510 752 573 sidera
766 512 866 590 tellus,

104 597 201 660 Extra
215 597 285 658 anni
299 595 427 677 solisque
444 595 518 672 vias,
533 594 584 655 ubi
598 596 720 657 caelifer
736 597 826 658 Atlas

103 684 203 745 Axem
217 682 342 743 humero
356 686 477 779 torquet
491 679 584 742 stellis
599 679 771 742 ardentibus
786 688 898 764 aptum.

102 767 226 851 Hujus
219 789 250 828 ιιι
266 766 428 828 adveutum
378 766 503 846 umJ’am
517 783 597 826 nunc
613 772 644 827 et
660 764 770 848 Caspia
783 786 880 848 regna

103 851 266 935 Responsio
282 852 404 912 horrent
419 849 521 911 drvum
536 855 567 911 θ
554 847 715 913 tMaeotia
729 852 829 929 tellus,

103 937 145 999 Et
160 942 296 1020 septemg
297 935 385 997 emim
375 935 549 996 turbantt
509 934 653 1016 ttrepida
668 935 744 997 ostia
758 935 832 998 Nili.

102 1021 135 1084 N
136 1043 171 1085 ec
187 1043 258 1084 vero
273 1020 397 1083 Alcides
413 1026 529 1081 tantum
546 1020 660 1082 telluris
676 1020 778 1099 obivit,

102 1107 218 1170 Fixerit
205 1105 402 1188 taeripcdem
418 1125 538 1166 cervam
552 1105 633 1182 licet,
610 1111 688 1167 tau
690 1105 897 1188 tErymanthi

102 1191 226 1255 Pacarit
213 1198 372 1267 tnemora,
387 1197 419 1251 et
406 1188 564 1251 tLernam
577 1190 780 1252 tremefecerit
767 1197 888 1266 t;arcu

103 1276 171 1340 Nec
174 1276 250 1359 ,qui
263 1274 426 1358 pampineis
441 1274 559 1335 victor
545 1295 621 1356 Juga
634 1275 729 1337 flectit
742 1275 876 1357 habenis,

102 1361 194 1424 Liber
196 1380 313 1443 ,agens
328 1361 406 1421 celso
421 1358 526 1442 Nysae
543 1358 580 1420 de
596 1360 745 1422 verticet
738 1381 827 1442 1gres.

102 1447 145 1509 Et
159 1409 328 1508 dubitamus
343 1445 441 1506 adhuc
456 1443 550 1505 virtut
551 1464 598 1505 em
613 1444 774 1507 extendere
789 1445 904 1509 factis?

102 1530 170 1593 Aut
156 1536 280 1594 tmetus
295 1529 430 1591 Ausonia
444 1528 581 1611 prohibet
596 1530 758 1592 consistere
778 1530 884 1594 terra?

103 1615 177 1690 Quis
191 1616 295 1699 procul
309 1615 359 1678 illc
374 1620 475 1677 autem
489 1613 580 1676 ramis
594 1613 718 1711 insignis
733 1616 841 1694 olivae,

104 1700 199 1765 Sacra
212 1698 338 1764 ferens?
383 1698 484 1760 Nosco
500 1698 597 1760 crines
612 1699 779 1782 incanaque
795 1707 897 1764 menta

101 1787 195 1868 Regis
211 1784 348 1862 Romani,
364 1783 475 1866 primus
490 1804 543 1881 qur
533 1783 673 1865 legibus
688 1786 793 1848 urbem

101 1871 263 1949 Fundabit‚
280 1831 407 1932 Curibus
421 1888 521 1951 parus
536 1873 568 1930 e
582 1890 713 1951 paupere
730 1877 812 1934 tarra

101 1956 234 2020 Missus
226 1979 258 2018 m
272 1954 427 2037 imperium
441 1973 594 2035 magnum.
640 1953 698 2017 Oui
713 1956 821 2018 deinde
836 1957 958 2037 subibit

102 2040 173 2104 Otia
187 2042 239 2140 qui
253 2060 356 2122 rumpe
358 2004 512 2186 tpatriad}
525 2039 699 2122 residesque
714 2042 843 2103 movebit

100 2126 226 2188 Tullus
218 2148 250 2188 m
265 2145 348 2188 arma
361 2123 440 2186 viros
456 2124 561 2207 etjam
576 2124 729 2188 desuetat
716 2126 873 2223 triumphis

99 2210 241 2294 Agmina.
287 2209 408 2292 Quemj
410 2215 483 2270 uxta
497 2210 633 2291 sequitur
642 2211 807 2293 jactantior
820 2212 938 2288 Ancus,

99 2296 190 2358 Nunc
206 2315 324 2378 quoque
334 2295 399 2377 jam
412 2294 534 2354 nimium
550 2294 684 2392 gaudens
699 2296 889 2379 popularibus
905 2295 995 2359 auris.

99 2381 202 2442 Viset
217 2379 393 2462 Tarquinios
406 2399 505 2460 reges,
521 2380 708 2462 animamque
724 2381 883 2463 superbam

99 2465 213 2527 Ultoris
228 2464 316 2527 Bruti
295 2464 500 2545 t,fascesque
516 2464 618 2526 videre
633 2464 796 2547 receptos?

101 2549 259 2612 Consulis
252 2549 408 2632 rmperium
421 2548 470 2611 hic
486 2549 598 2630 primus
614 2570 778 2633 saevasque
794 2571 915 2614 secures

98 2634 249 2717 Accipiet,
264 2640 408 2715 natosque
423 2639 510 2715 pater
524 2654 602 2696 nova
616 2635 695 2697 bella
708 2642 862 2698 moventes

98 2720 151 2782 Ad
165 2740 290 2849 poepam
305 2718 431 2801 pulchra
444 2738 498 2800 pro
512 2719 650 2782 libertate
667 2721 795 2800 vocabit,

99 2804 229 2868 Infelix!
274 2803 319 2866 Ut
306 2810 447 2899 tcumque
462 2803 561 2865 ferent
548 2809 613 2866 tea
626 2804 689 2866 fact
676 2811 707 2868 ta
721 2806 861 2884 minores,

98 2888 211 2952 Vincet
198 2896 308 2951 tamor
323 2887 448 2970 patriae,
463 2888 667 2971 laudumque'
660 2912 803 2954 immensa
818 2891 934 2989 cupido.

99 2972 179 3046 Quin
193 2973 302 3036 Decios
317 2973 494 3054 Drusosque
509 2974 613 3055 procul
627 2995 808 3072 saevumque
824 2976 923 3039 securi

97 3058 232 3142 Adspice
247 3059 379 3139 Torquet
380 3079 431 3118 um
446 3064 478 3119 et
492 3058 624 3120 referent
611 3065 673 3121 tem
687 3060 791 3158 sigua
789 3061 955 3123 Camillum.

97 3142 172 3206 Illae
189 3150 300 3221 autem,
315 3142 436 3224 paribus
451 3162 526 3224 quas
540 3143 656 3224 fulgere
672 3145 769 3208 cernis
783 3145 815 3207 in
829 3145 930 3224 armis,

98 3226 269 3291 Concordes
285 3228 400 3290 animae
415 3247 506 3304 nunc,
522 3234 554 3290 et
569 3228 640 3290 dum
654 3237 742 3292 nocte
757 3237 945 3313 premuntur,

97 3313 169 3375 Heu
185 3319 329 3396 quantum
343 3312 422 3373 inter
437 3332 469 3374 se
484 3313 606 3391 bellum,
621 3314 647 3375 si
660 3315 773 3378 lumina
787 3316 866 3378 vitae

96 3398 275 3479 Attigcrint,
291 3403 419 3480 quantas
434 3396 514 3460 acies
528 3403 718 3481 stragemque
734 3399 872 3465 ciebuntl

96 3482 269 3564 Aggeribus
284 3503 369 3544 socer
383 3481 502 3564 Alpinis
518 3489 609 3564 atque
624 3505 694 3547 arce
709 3485 849 3548 Monoeci

95 3567 302 3646 Descendens,
318 3587 411 3649 gener
426 3567 559 3629 adversis
573 3568 736 3633 instructus
751 3569 842 3634 Eois!

94 3652 127 3712 N
128 3674 156 3730 e,
172 3653 269 3736 pueri,
284 3674 322 3714 nc
337 3658 422 3714 tanta
436 3653 541 3714 animis
559 3653 727 3717 adsuescite
747 3655 837 3732 bella,

93 3736 125 3797 N
127 3758 166 3800 eu
180 3740 295 3823 patriae
311 3737 423 3800 validas
438 3736 469 3798 in
483 3738 599 3802 viscera
613 3740 721 3802 vertite
737 3739 837 3816 vires;
