2496 4334
425 275 586 322 10001000
610 275 675 321 nra.
700 276 775 322 vm.
1040 259 1103 322 233

63 428 120 492 Oui
135 430 263 492 tolerare
280 430 344 492 0010
359 429 451 492 vitam
466 429 608 512 tenuique
629 429 770 492 Minerva
1103 490 1104 493 ,

62 514 249 597 Impositum,
267 515 397 576 cinerem
412 522 444 576 et
458 515 567 596 sopitos
582 515 707 576 suscitat
729 514 825 597 ignes,
1055 535 1103 584 410

63 599 193 662 Noctem
214 600 328 662 addens
350 600 443 681 operi,
458 600 645 681 famulasque
662 600 701 662 ad
715 601 828 662 lumina
841 601 931 682 longo

64 684 195 747 Exercet
217 706 320 767 penso,
336 692 451 746 castum
465 693 500 746 ut
514 706 634 747 servare
650 685 747 747 cubile

65 769 206 852 (lonjugis
222 776 253 833 et
267 770 358 852 possit
372 791 479 852 parvos
491 770 619 832 educere
636 777 741 833 natos:

63 855 156 916 Haud
171 875 258 917 secus
273 855 448 937 Ignipotens
462 875 519 917 nec
535 862 667 936 tempore
683 855 802 936 segnior
816 856 865 920 illo

42 994 44 999 .
63 939 203 1002 Mollibus
219 960 235 1000 e
251 941 351 1001 stratis
367 961 458 1022 opera
472 940 512 1002 ad
526 940 642 1003 fabrilia
657 942 763 1021 surgit.

63 1024 167 1087 insula
184 1023 334 1086 Sicanium
344 1026 433 1107 juxta
446 1027 525 1087 latus
547 1025 743 1106 Aeoliamque

63 1109 200 1191 Erigitur
214 1109 355 1191 Liparen,
370 1111 551 1174 fumantibus
567 1111 661 1172 ardua
675 1111 765 1188 saxis,

65 1194 161 1267 Quam
176 1195 279 1257 subter
294 1216 401 1277 specus
417 1202 448 1258 et
463 1196 629 1279 Cyclopum
644 1216 734 1257 exesa
756 1195 878 1260 caminis

63 1279 164 1341 Antra
181 1279 321 1342 Aetnaea
336 1287 451 1360 tonant,
466 1282 616 1362 validique
638 1281 794 1343 incudibus
809 1281 887 1343 ictus

64 1364 171 1428 Auditi
185 1365 320 1427 referunt
334 1367 488 1447 gemitum,
503 1367 692 1448 striduntque
709 1365 843 1428 cavernis

66 1448 234 1512 Stricturae
250 1450 429 1534 Chalybum,
445 1458 476 1512 01
490 1452 659 1514 somaoibus
674 1452 751 1532 ignis
767 1451 887 1514 anhelat
900 1472 909 1528 ;

63 1534 195 1598 Vulcani
217 1535 321 1598 domus
336 1542 368 1598 et
382 1537 532 1599 Vulcania
546 1538 664 1599 nomine
680 1539 779 1600 tellus.

64 1620 133 1683 Hoc
149 1627 220 1683 tunc
235 1620 410 1703 Ignipotens
427 1623 508 1684 coelo
525 1622 680 1684 descendit
700 1623 736 1684 ab
753 1625 823 1687 alto.

64 1705 193 1768 Ferrum
208 1707 389 1768 exercebant
405 1713 488 1770 vasto
505 1707 652 1790 Cyclopes
666 1708 698 1769 in
713 1715 809 1787 autre,
901 1705 905 1710 ’

64 1791 254 1873 Brontesque
271 1790 472 1874 Steropesque
489 1799 520 1854 et
534 1793 632 1855 nudus
647 1794 780 1856 membra
795 1795 974 1880 Pyracmon.
1070 1826 1077 1838 ·

65 1875 124 1938 His
138 1877 329 1939 informatum
343 1878 478 1940 manibus
488 1879 553 1961 jam
567 1884 653 1960 parte
669 1878 761 1960 polita

65 1960 192 2023 Fulmen
207 1967 294 2037 erat;
316 1968 379 2024 1010
394 1964 511 2044 genitor
526 1985 602 2045 quae
618 1964 745 2046 plurima
765 1965 847 2026 00010

65 2045 178 2129 Dejicit
191 2046 223 2108 in
237 2052 334 2109 terras
347 2067 356 2122 ;
379 2068 449 2129 pars
463 2049 640 2130 imperfecta
660 2049 820 2111 manebat:

65 2131 140 2193 Tres
154 2131 254 2194 imbris
269 2132 340 2193 torti
355 2132 465 2211 radios,
480 2139 542 2195 tres
559 2133 645 2195 nubis
661 2154 789 2215 aquosae

63 2215 266 2294 Addiderant,
282 2217 364 2278 rutili
379 2223 441 2279 tres
456 2218 533 2299 ignis
549 2225 580 2281 et
594 2218 672 2280 alitis
693 2219 803 2294 austri3

64 2300 210 2383 Fulgores
224 2322 304 2364 nunc
321 2302 466 2364 terrificos
482 2303 668 2386 sonitumque
683 2311 856 2387 metumque

63 2385 234 2448 Miscebant
248 2387 342 2468 operi,
353 2387 537 2469 flammisque
553 2389 729 2470 sequacibus
744 2389 814 2452 iras.

63 2471 157 2533 Parte
174 2473 232 2534 alia
246 2471 341 2534 Marti
356 2493 537 2554 currumque
552 2481 692 2555 rotasque
708 2475 845 2537 volucres

62 2555 233 2636 Instabant,
251 2557 358 2639 quibus
373 2557 423 2619 ille
439 2557 528 2634 viros,
544 2559 650 2640 quibus
666 2560 777 2620 excitat
799 2559 889 2621 urbes
902 2579 911 2636 3

62 2640 244 2724 Aegidaque
259 2642 448 2720 horriferam,
464 2643 601 2705 turbatae
616 2643 747 2705 Palladis
763 2664 858 2723 arma,

65 2725 211 2789 Certatim
227 2726 356 2809 squamis
371 2734 545 2809 serpentum
560 2749 692 2811 auroque
707 2729 850 2810 polibant,

65 2810 281 2893 Connexcsque
298 2833 423 2894 angues,
438 2813 593 2895 ipsamque
607 2814 639 2874 in
653 2821 774 2897 pectore
790 2813 878 2876 divae

65 2894 218 2978 Gorgona,
235 2896 355 2960 desecto
370 2903 539 2960 vertentem
559 2898 671 2960 lumina
686 2899 770 2960 00110.

64 2981 171 3043 Tollite
187 2987 307 3061 cuncta,
323 2982 430 3064 inquit,
447 2988 626 3064 coeptosque
643 2983 758 3044 auferte
774 2984 902 3066 labores,

62 3066 195 3129 Aetnaei
212 3065 369 3149 Cyclopes,
386 3073 417 3128 et
432 3067 491 3130 huc
507 3067 653 3129 advertite
675 3074 816 3129 mentem.

63 3150 161 3213 Arma
176 3152 238 3213 aori
253 3151 391 3214 facienda
405 3152 478 3214 viro.
526 3152 617 3215 Nunc
635 3152 746 3214 viribus
767 3173 850 3231 usus,

64 3236 156 3298 Nunc
172 3236 307 3299 manibus
320 3237 442 3319 rapidis,
459 3237 538 3300 omni
552 3257 631 3299 nunc
647 3244 712 3299 arte
734 3238 889 3319 magistra.

64 3321 267 3403 Praecipitate
282 3320 398 3385 moras!
444 3321 477 3384 N
478 3343 512 3385 eo
528 3323 615 3404 plura
630 3323 747 3400 effatus,
763 3329 795 3384 at
816 3323 859 3385 illi
968 3371 971 3377 .

66 3404 159 3468 Ocius
173 3406 337 3468 incubuere
353 3426 465 3485 omnes,
480 3407 653 3490 pariterque
673 3407 806 3470 laborem

67 3488 181 3552 Sortiti.
226 3490 309 3552 Fluit
325 3512 375 3553 aes
391 3491 461 3553 rivis
477 3492 601 3573 aurique
620 3494 785 3571 metallum,

65 3574 294 3658 Vulnificusque
311 3577 433 3658 chalybs
449 3584 534 3639 vasta
548 3577 670 3639 fornace
685 3576 832 3660 liquescit.

64 3659 226 3741 Ingentem
241 3663 380 3744 clypeum
402 3661 573 3740 informant,
589 3684 681 3723 unum
697 3663 795 3723 omnia
809 3665 914 3724 contra

65 3745 140 3808 Tela
155 3745 340 3824 Latinorum,
356 3752 555 3891 sgptpnosque
571 3747 690 3808 orbibus
706 3747 792 3808 orbes
