2496 4334
473 305 654 352 GEORGIOON
676 305 740 350 LIB.
764 305 817 351 111.

132 459 202 523 Tum
216 465 317 539 vocet,
333 480 369 523 ao
384 482 440 544 per
455 466 560 544 aperta
575 461 689 538 volans,
705 482 761 523 ceu
775 459 852 522 liber
866 458 1002 538 habenis,

127 546 283 630 Aequora,
298 545 348 608 vix
363 567 480 608 summa
494 546 621 628 vestigia
635 553 727 629 ponat
742 567 851 611 arena:

128 631 230 705 Qualis
245 631 455 716 Hyperboreis
470 631 583 714 Aquilo
598 654 690 714 quum
706 632 815 693 densus
831 631 868 694 ab
884 630 943 692 oris

126 718 280 796 Incubuit,
298 715 502 801 Scythiaeque
517 719 630 779 hiemes
646 725 736 800 atquc
753 717 837 780 arida
852 717 952 779 differt

125 803 258 866 Nubila:
283 809 348 865 tum
362 811 482 885 segetes
497 805 576 866 altae
592 805 747 886 campique
763 810 902 866 natantes

125 889 258 951 Lenibus
273 888 453 951 horrescunt
466 890 577 967 flabris,
593 910 785 972 summaeque
801 910 936 951 sonorem

124 974 209 1037 Dant
224 975 329 1053 silvae,
343 975 484 1058 longique
500 983 611 1057 urgent
625 975 664 1037 ad
678 976 767 1037 litora
781 976 906 1037 fluetus:

124 1060 181 1122 Ille
198 1061 291 1138 volat,
307 1060 394 1122 simul
409 1081 482 1123 arva
496 1062 580 1143 fuga,
596 1061 684 1123 simul
698 1082 830 1143 aequora
845 1081 978 1123 verrens.

125 1145 185 1208 Hie
201 1147 251 1208 vel
267 1145 306 1208 ad
321 1146 389 1208 Elei
404 1154 499 1209 metas
515 1153 546 1209 et
561 1147 690 1209 maxima
705 1147 803 1229 campi

127 1230 257 1293 Sudabit
272 1231 379 1314 spatia,
394 1239 426 1294 et
441 1254 560 1315 spumas
576 1240 647 1314 agot
661 1254 712 1295 ore
727 1238 888 1306 eruentas;

125 1316 255 1398 Belgica
270 1318 318 1379 vel
331 1318 412 1380 molli
427 1320 533 1381 melius
547 1319 626 1380 feret
641 1318 747 1380 esseda
762 1319 846 1380 collo.

125 1403 204 1466 Tum
220 1403 340 1464 demum
356 1424 458 1466 crassa
472 1426 614 1486 magnum
628 1405 780 1486 farragine
796 1423 904 1486 corpus

128 1487 287 1566 Crescere,
297 1489 361 1571 jam
376 1488 505 1569 domitis,
520 1490 629 1565 sinito;
652 1511 781 1572 namque
797 1496 867 1551 ante
882 1486 1064 1550 domandum

126 1574 274 1656 Ingentes
289 1575 394 1636 tollent
409 1576 532 1654 animos,
547 1575 708 1659 prensique
723 1576 878 1657 negabunt

126 1659 269 1771 Vprbera
281 1660 365 1722 lenta
378 1661 453 1743 pati,
469 1668 501 1723 et
515 1661 597 1723 duris
613 1682 720 1744 parere
734 1662 855 1744 lupatis.
1133 1712 1144 1723 ..

171 1743 236 1808 Sed
250 1766 311 1807 non
325 1745 387 1807 ulla
401 1747 496 1828 magis
511 1748 589 1809 vires
603 1747 751 1809 industria
764 1749 875 1824 firmat,
999 1768 1009 1871 y
1032 1788 1069 1821 w
1128 1740 1134 1761 ¹

128 1830 228 1915 Quam
243 1830 396 1894 Venerem
411 1838 442 1894 et
457 1834 540 1896 caeci
555 1833 688 1896 stimulos
704 1840 840 1895 avertere
856 1829 976 1908 amoris,
1010 1868 1019 1883 ·
1125 1844 1173 1892 210

129 1917 202 1981 Sive
217 1917 317 1994 boum,
333 1917 395 1979 sive
412 1924 458 1980 est
473 1920 521 1981 eui
536 1920 650 2001 gratior
664 1941 735 1982 usus
751 1939 905 2002 equorum.

126 2003 234 2086 Atque
250 2002 318 2064 ideo
333 2009 433 2066 tauros
449 2005 552 2087 procul
567 2011 658 2087 atque
673 2005 705 2067 in
720 2006 783 2067 sola
797 2005 935 2084 relegant

127 2089 262 2167 Pascua,
276 2095 343 2171 post
357 2096 489 2152 montem
504 2091 681 2174 oppositum,
697 2096 728 2152 et
743 2096 826 2152 trans
841 2088 963 2150 flumina
976 2086 1061 2160 lata;

126 2175 197 2238 Aut
211 2174 292 2236 intus
308 2175 423 2238 clausos
439 2182 541 2238 satura
556 2177 595 2238 ad
609 2176 767 2259 praesepia
781 2180 912 2238 servant.

128 2260 237 2344 Carpit
256 2260 334 2322 enim
348 2260 427 2323 vires
443 2263 597 2344 paullatim
612 2262 731 2344 uritque
747 2260 876 2323 videndo
1126 2270 1176 2319 215
1224 2274 1237 2313 t·

126 2347 257 2409 Femina
270 2365 278 2420 ;
300 2367 356 2408 nee
371 2368 526 2410 nemorum
539 2348 652 2430 patitur
666 2348 847 2424 meminisse,
863 2366 919 2407 nee
934 2341 1065 2444 herbacy

127 2432 279 2496 Dulcibus
294 2431 344 2493 illa
358 2432 479 2514 quidem
493 2434 640 2496 illecebris
646 2440 688 2515 „et
702 2454 792 2516 saepe
808 2431 952 2515 superbos

129 2517 280 2580 Cornibus
295 2517 373 2579 inter
387 2539 419 2580 se
435 2519 544 2600 subigit
560 2516 723 2581 decelhere
740 2525 885 2581 amantes.

76 2623 107 2657 κ
128 2603 273 2666 Pascitur
287 2602 319 2664 in
332 2624 441 2685 magna
458 2602 520 2666 Sila
533 2605 664 2667 formosa
673 2606 820 2688 juvenca:

128 2689 180 2752 Illi
197 2689 379 2751 alternantes
393 2690 488 2751 multa
502 2689 531 2752 vi
546 2691 659 2772 proeha
673 2691 801 2752 miscent

129 2772 318 2837 Vulneribus
333 2774 444 2838 crebris
457 2795 464 2850 ;
487 2775 560 2837 lavit
575 2782 641 2838 ater
656 2797 782 2858 corpora
796 2772 937 2856 sanguis;

130 2861 292 2942 Versaque
307 2860 338 2921 in
353 2860 473 2922 obnixos
488 2868 635 2942 urgentur
650 2883 763 2924 cornua
776 2867 861 2923 vasto

132 2945 211 3008 Cum
226 2946 339 3027 gemitu
348 2965 356 3020 ;
379 2946 504 3008 reboant
518 2947 670 3029 silvaeque
687 2954 718 3010 et
732 2949 839 3028 longus
856 2944 1012 3029 Olympus.

131 3031 200 3094 Nec
216 3052 279 3093 mos
293 3031 438 3093 bellantes
453 3053 514 3094 una
528 3034 697 3095 stabulare:
723 3033 777 3095 sed
793 3033 869 3094 alter

131 3117 243 3180 Victus
258 3116 332 3196 abit,
347 3118 495 3200 longeque
510 3119 619 3199 ignotis
635 3119 752 3180 exsulat
766 3118 843 3191 oris3

132 3203 233 3265 Multa
248 3223 370 3285 gemens
385 3203 575 3284 ignominiam
592 3206 755 3286 plagasque
772 3201 893 3285 superbi

132 3289 278 3367 Victoris,
294 3295 369 3368 tum,
386 3310 460 3371 quos
475 3289 573 3352 amisit
588 3290 711 3366 inultus,
727 3308 862 3363 amores;

133 3374 175 3437 Et
188 3374 306 3438 stabula
320 3374 499 3457 adspectans
515 3375 616 3457 regnis
632 3376 760 3437 excessit
776 3374 872 3437 avitis.

133 3460 217 3542 Ilrgo
233 3460 311 3522 omni
326 3482 399 3523 cura
415 3461 493 3523 vires
510 3467 641 3538 exercet,
658 3467 689 3522 et
703 3461 783 3523 inter

94 3544 101 3566 ⁹
133 3546 221 3609 Dura
230 3547 315 3629 jacet
329 3568 442 3628 pernox
457 3548 582 3608 instrato
597 3566 670 3607 saxa
686 3546 786 3623 cubili,

133 3631 303 3694 Frondibus
318 3632 438 3694 hirsutis
455 3639 486 3694 et
502 3632 599 3694 carice
616 3638 718 3714 pastus
735 3637 843 3706 aeuta;

133 3718 175 3780 Et
189 3723 290 3779 tentat
304 3738 381 3795 sese,
397 3724 487 3800 atque
503 3718 592 3779 irasci
607 3717 637 3778 iu
653 3738 766 3780 cornua
781 3717 869 3778 discit

130 3802 261 3867 Arboris
276 3802 400 3866 obnixus
415 3809 533 3882 trunco,
549 3809 714 3886 ventosque
729 3801 851 3865 lacessit
