2496 4334
96 279 137 342 22
437 297 467 342 r.
491 295 633 341 macrum
655 295 801 341 unnoms

95 450 177 512 Hinc
193 450 269 513 adeo
284 449 383 513 media
398 457 445 512 est
458 448 543 512 nobis
558 448 628 525 via;
651 470 781 532 namque
797 449 970 532 sepulerum

95 536 208 618 Incipit
223 557 369 619 apparere
384 536 532 598 Bianoris.
578 535 652 614 Hic,
667 535 719 597 ubi
734 535 843 598 densas
1110 552 1143 603 60

96 621 259 704 Agricolae
275 622 427 704 stringunt
441 621 574 698 frondes,
589 621 649 699 hic,
666 620 776 700 Moeri,
792 639 954 696 canamus;

97 708 158 769 Hic
174 707 286 769 haedos
298 707 413 790 depone
427 727 435 782 ;
450 713 552 769 tamen
567 706 720 768 veniemus
735 706 767 768 in
777 707 893 768 urbem.

96 792 164 855 Aut
179 793 215 871 si,
230 814 290 854 nox
304 794 436 875 pluviam
449 813 488 854 ne
505 791 626 873 colligat
642 798 723 871 ante,
739 813 890 870 veremur,

99 878 263 940 Cantantes
278 879 350 940 licet
364 899 460 961 usque
471 913 513 924 -
522 877 620 939 minus
636 877 684 939 via
697 877 850 939 laedet—
860 896 973 939 eamus.

99 963 264 1026 Cantantes
279 970 314 1026 ut
328 985 441 1042 eamus,
458 961 514 1044 egb
525 963 581 1024 hoe
596 969 627 1024 te
642 963 724 1025 fasce
739 963 856 1025 levabo.
1110 978 1143 1028 65

141 1046 221 1111 Moe.
238 1049 351 1112 Desine
367 1051 465 1133 plura,
480 1068 557 1131 puer
570 1068 577 1123 ;
602 1054 643 1126 et,
660 1049 739 1130 quod
754 1068 833 1110 nunc
849 1048 953 1125 instat,
969 1065 1104 1128 agamus.

99 1132 240 1199 Carmina
255 1142 318 1198 tum
332 1137 448 1215 melius,
464 1155 533 1197 cum
548 1134 665 1195 venerit
679 1135 755 1217 ipse,
772 1153 924 1196 canemus.

474 1563 771 1637 GALLUS.
852 1616 856 1623 ι

511 1746 660 1800 ECLOGA
684 1747 721 1800 X.

100 1898 287 1961 Exanimem
302 1897 393 1977 hunc,
408 1896 574 1976 Arethusa,
589 1896 662 1959 mihi
677 1897 808 1960 concede
825 1897 968 1960 laborem.

98 1984 203 2046 Pauca
217 2004 284 2045 meo
301 1981 398 2062 Galle,
414 1982 468 2045 sed
483 2004 561 2066 quae
576 1984 661 2066 legat
673 1983 739 2066 ipsa
754 1983 891 2068 Lycone,

100 2067 242 2131 Carmina
257 2076 328 2131 sunt
343 2068 481 2131 dicenda.
527 2068 632 2150 Neget
646 2070 713 2152 quis
728 2069 861 2131 carmina
884 2067 998 2155 Gallo?

100 2152 150 2216 Sic
166 2154 231 2232 tibi,
247 2175 339 2236 quum
352 2155 461 2217 fluctus
476 2155 681 2216 subterlabere
699 2152 834 2234 Sicanos,

99 2240 189 2302 Doris
206 2261 309 2303 amara
323 2260 408 2302 suam
422 2262 482 2302 non
496 2239 701 2302 intermisceat
717 2240 840 2302 undam.

98 2325 203 2408 Incipe
219 2346 227 2401 ;
251 2325 390 2388 sollicitos
407 2324 487 2388 Galli
502 2326 635 2388 dieamus
651 2347 777 2405 amores,

97 2411 180 2473 Dum
194 2417 300 2473 tenera
315 2412 474 2473 attondent
488 2411 580 2474 simae
595 2412 726 2494 virgulta
742 2411 886 2495 capellae.

98 2496 130 2558 N
132 2519 170 2559 on
185 2497 318 2560 canimus
333 2498 451 2560 surdis:
476 2497 658 2581 respondent
673 2498 771 2560 omnia
785 2498 888 2560 silvae.

143 2582 227 2656 Quae
242 2604 364 2646 nemora
375 2590 428 2646 aut
443 2584 494 2666 qui
509 2605 561 2646 vos
577 2584 670 2646 saltus
685 2584 829 2662 habuere,
844 2583 962 2666 puellae

99 2667 226 2748 Naides,
241 2669 365 2751 indigno
380 2691 473 2752 quum
489 2669 595 2733 Gallus
610 2691 710 2732 amore
725 2668 867 2753 peribat?
1113 2691 1143 2738 10

99 2752 181 2816 Nam
195 2775 293 2837 neque
310 2755 437 2817 Parnasi
453 2755 535 2817 vobis
546 2756 633 2838 juga,
649 2776 718 2816 nam
733 2776 831 2836 neque
848 2754 937 2816 Pindi

99 2838 171 2902 Ulla
185 2861 299 2902 moram
313 2840 425 2918 fecere,
440 2861 539 2922 neque
555 2839 653 2902 Aonie
669 2839 841 2923 Aganippe.

99 2924 190 2987 Illum
205 2926 296 2988 etiam
309 2925 399 3003 lauri,
418 2925 508 2987 etiam
522 2926 631 2988 flevere
646 2926 799 3008 myricae3

99 3011 215 3073 Pinifer
229 3012 312 3073 illum
327 3011 417 3073 etiam
432 3012 496 3074 sola
509 3012 564 3073 sub
580 3033 654 3095 rupe
665 3012 820 3095 jacentem

98 3096 268 3177 Maenalus,
284 3102 316 3159 et
330 3097 422 3179 gelidi
436 3099 585 3160 fleverunt
599 3119 672 3160 saxa
686 3097 810 3181 Lycaei.
1114 3118 1145 3166 15

101 3181 190 3245 Stant
203 3190 234 3245 et
248 3204 319 3246 oves
334 3184 458 3262 circum,
469 3219 514 3228 -
525 3184 618 3246 nostri
632 3204 689 3246 nec
706 3185 838 3266 poenitet
853 3184 936 3261 illas;

98 3267 131 3330 N
132 3289 166 3330 ec
182 3275 213 3330 te
229 3269 380 3352 poeniteat
394 3269 520 3351 pecoris,
536 3269 635 3332 divine
653 3270 761 3352 poeta:

99 3354 141 3416 Et-
154 3355 300 3417 formosus
316 3375 386 3417 oves
402 3355 441 3417 ad
455 3354 578 3416 flumina
592 3355 675 3438 pavit
689 3354 805 3418 Adonis
814 3390 858 3400 -

98 3439 195 3503 Venit
209 3447 241 3503 et
255 3441 364 3524 opilio;
388 3441 466 3503 tardi
481 3462 590 3503 venere
606 3441 721 3503 subulci
733 3461 741 3516 ;

98 3525 218 3589 Uvidus
232 3527 358 3589 hiberna
372 3527 455 3589 venit
470 3527 507 3589 de
523 3527 631 3609 glande
648 3526 813 3591 Menalcas.
1112 3546 1144 3595 20

100 3610 223 3691 Omnes,
238 3613 318 3675 unde
335 3633 417 3674 amor
430 3614 499 3691 iste,
516 3620 635 3695 rogant,
651 3612 727 3675 tibi?
771 3613 867 3677 Venit
882 3614 1010 3698 Apollo:

99 3696 198 3776 Galle,
214 3698 286 3781 quid
300 3697 439 3761 insanis?
462 3699 570 3781 inquit,
586 3706 639 3761 tua
654 3720 728 3763 cura
742 3699 867 3783 Lycoris

97 3783 219 3866 Perque
234 3784 318 3848 nives
334 3785 425 3846 alium
439 3806 554 3868 perque
569 3785 690 3847 horrida
704 3791 804 3848 castra
819 3791 924 3849 secuta
938 3791 995 3848 est.
