2496 4334
146 260 209 324 122
477 281 506 325 r.
530 280 672 326 mnsmu
692 277 838 326 umarus

145 431 222 494 Tum
237 452 308 493 vero
323 432 444 516 ancipiti
457 439 589 494 mentem
607 433 763 495 formidine
779 451 898 516 pressus
988 452 997 488 .·

145 516 304 599 Obstupui,
320 524 528 599 steteruntque
545 539 657 596 comae,
674 525 705 580 et
719 540 776 581 vox
796 517 931 579 faucibus
945 515 1052 578 haesit.

84 623 160 700 qn
186 601 277 665 Hunc
293 600 476 686 Polydorum
491 603 556 664 auri
571 603 720 685 quondam
736 625 804 665 curn
818 602 950 685 pondere
966 621 1075 682 magno

126 692 129 697 '
142 686 252 748 Infelix
266 686 404 750 Priamus
419 687 522 749 firrtim
536 689 693 750 mandarat
712 688 852 750 alendum
1150 704 1182 750 50

142 771 279 834 Threicio
294 772 370 854 regi,
385 793 478 855 quum
487 773 551 855 jam
567 773 713 835 diffideret
729 773 817 835 armis

142 856 325 936 Dardaniae,
342 858 480 939 cingique
496 858 600 919 urbem
615 858 765 921 obsidione
778 857 904 920 videret.

141 940 209 1020 Ille,
224 948 259 1004 ut
273 963 343 1025 opes
358 943 472 1005 fractae
488 944 649 1021 Teucrum,
665 950 696 1006 et
709 944 829 1006 fortuna
843 942 978 1021 recessit,

140 1026 202 1089 Res
216 1026 469 1110 Agamemnonias
484 1028 678 1111 victriciaque
694 1049 777 1091 arma
791 1033 923 1105 secutus,
1023 1030 1024 1034 ’

139 1112 199 1174 Fas
214 1133 299 1174 omne
315 1113 485 1195 abrumpit3
508 1113 691 1196 Polydorum
705 1115 874 1192 obtruncat,
889 1119 921 1191 et
936 1131 1008 1174 auro

139 1195 181 1259 Vi
195 1197 317 1278 potitur.
364 1196 443 1270 Quid
457 1220 518 1261 non
531 1199 668 1261 mortaha
682 1205 805 1281 pectora
820 1198 912 1280 cogis,

44 1288 47 1295 '
137 1280 217 1343 Auri
233 1303 320 1345 sacra
333 1282 445 1346 fames!
491 1283 655 1366 Postquam
669 1305 762 1366 pavor
777 1304 844 1346 ossa
858 1282 993 1365 reliquit:

138 1365 280 1430 Delectos
294 1368 396 1451 populi
410 1368 449 1430 ad
463 1389 614 1451 proceres,
629 1369 998 1451 primumque‘parentem,

138 1451 275 1515 Monstra
289 1452 379 1514 deum
393 1454 503 1533 refero,
518 1460 560 1532 et,
575 1474 652 1536 quae
669 1454 707 1516 sit
722 1454 881 1532 sententia,
894 1474 993 1536 posco.

139 1535 284 1600 Omnibus
298 1538 378 1601 idem
393 1539 508 1601 animus
523 1540 670 1602 scelerata
684 1539 830 1601 excedere
847 1546 939 1616 terra,

138 1621 247 1705 Linqui
261 1624 407 1706 pollutum
420 1624 589 1706 hospitium,
605 1631 637 1686 et
651 1624 723 1686 dare
739 1625 881 1686 classibus
900 1628 1025 1706 austros.

137 1708 220 1791 Ergo
234 1709 434 1793 instauramus
449 1709 599 1793 Polydoro
613 1709 721 1772 funus:
740 1716 771 1771 et
784 1709 890 1791 ingens

136 1793 305 1876 Aggeritur
318 1795 433 1856 tumulo
447 1795 555 1870 tellus3
578 1800 660 1856 stant
673 1794 814 1857 Manibus
830 1815 912 1872 arae,

138 1878 290 1942 (locruleis
304 1886 436 1942 moestae
451 1880 533 1943 vittis
548 1885 673 1962 atraque
689 1900 829 1963 cupresso
842 1899 850 1955 3

137 1965 179 2027 Et
194 1965 306 2027 circum
320 1964 432 2026 Iliades
447 1965 560 2028 crinem
575 1964 613 2026 de
628 1986 709 2027 more
725 1966 839 2027 solutae
853 1985 862 2040 ;

136 2049 296 2112 Inferimus
312 2050 412 2131 tepido
427 2049 595 2132 spumantia
610 2050 728 2133 cymbia
744 2051 834 2128 laete,

139 2133 298 2217 Sanguinis
314 2140 345 2197 et
359 2135 436 2197 sacri
450 2141 582 2217 pateras,
598 2135 785 2218 animamque
804 2135 940 2217 sepulcro

138 2219 310 2296 Condimus,
327 2225 358 2282 et
371 2240 482 2301 magna
496 2240 666 2302 supremum
681 2241 754 2282 voce
774 2220 896 2282 ciemus.

153 2360 157 2368 ,
179 2304 267 2382 Inde,
282 2304 334 2365 ubi
349 2305 444 2386 prima
458 2304 533 2367 fides
548 2305 666 2387 pelago,
681 2306 859 2388 placataque
882 2303 964 2367 venti

136 2387 221 2451 Dant
233 2389 338 2467 maria,
351 2395 382 2451 et
392 2390 469 2453 lenis
482 2389 632 2472 crepitans
647 2397 735 2452 vocat
749 2397 851 2453 auster
865 2390 897 2451 in
912 2392 1016 2466 altum,

135 2473 300 2537 Deducunt
314 2474 386 2536 sccii
400 2495 503 2553 naves,
519 2481 551 2536 et
564 2474 652 2538 litora
674 2476 834 2558 complent.

136 2559 332 2621 Provehimur
347 2566 446 2642 portu,
461 2567 621 2642 terraeque
636 2561 784 2642 urbesque
800 2560 956 2623 recedunt.

138 2641 232 2706 Sacra
246 2645 321 2706 mari
336 2645 443 2706 colitur
457 2645 554 2707 medic
570 2646 737 2726 gratissima
751 2647 840 2708 tellus

136 2728 303 2791 Nereidum
317 2730 405 2791 matri
421 2737 452 2792 et
466 2730 610 2812 Neptuno
626 2730 751 2812 Aegaeo
765 2751 773 2806 ;
916 2808 919 2813 Ι
977 2788 980 2799 ,
1001 2734 1029 2813 g

137 2811 234 2885 Quam
248 2814 314 2895 pius
328 2804 604 2893 Arcitellc'rlst',²bras
619 2822 650 2877 et
664 2817 752 2878 litora
767 2816 879 2878 circum
929 2830 1002 2903 φὶς,-

136 2898 306 2977 Errantem,
322 2898 454 2982 Mycono
470 2920 486 2961 e
502 2900 582 2962 celsa
597 2898 758 2983 Gyaroque
783 2902 931 2979 revinxit,
945 2898 974 2948 m

135 2983 352 3065 immotamque
368 2984 425 3046 coli
440 2983 533 3062 dedit,
550 2991 581 3046 et
599 2991 788 3047 contemnere
804 2994 919 3049 ventos.

134 3067 207 3130 Huc
222 3068 320 3130 feror:
343 3068 418 3131 haec
433 3069 527 3131 fessos
542 3075 606 3132 tuto
621 3070 821 3151 placidissima
834 3078 924 3152 portu

133 3151 267 3235 Accipit.
315 3152 438 3235 Egressi
452 3175 630 3216 veneramur
644 3155 792 3236 Apollinis
807 3156 922 3217 urbem.

134 3236 202 3298 Rex
216 3236 324 3316 Anius,
341 3259 394 3299 rex
409 3238 489 3300 idem
502 3238 652 3300 hominum
671 3240 844 3322 Phoebique
867 3238 1018 3318 sacerdos,

134 3321 227 3383 Vittis
243 3329 274 3384 et
288 3342 374 3384 sacra
389 3323 543 3384 redimitus
558 3330 693 3406 tempora
707 3325 802 3403 lauro,

136 3405 296 3482 Occurrit3
319 3413 452 3469 veterem
467 3407 622 3470 Anchisen
636 3410 771 3490 agnoscit
789 3409 927 3472 amicum.

133 3491 155 3553 J
157 3492 295 3573 ungimus
310 3492 436 3574 hospitio
451 3492 583 3571 dextras,
600 3500 631 3555 et
645 3500 728 3556 tecta
742 3495 884 3558 subimus.

176 3576 300 3660 Templa
315 3577 364 3639 dei
379 3598 450 3639 saxo
465 3579 631 3640 venerabar
645 3585 760 3642 structa
783 3585 917 3642 vetusto:

133 3659 183 3723 Da
197 3662 356 3744 propriam,
372 3662 571 3746 Thymbraee,
584 3664 723 3728 domum!
747 3665 787 3727 da
801 3665 918 3726 moenia
932 3664 1028 3743 fessis,

133 3743 176 3807 Et
190 3767 295 3828 genus,
311 3754 343 3809 et
356 3768 527 3810 mansuram
541 3749 664 3813 urbem!
688 3771 776 3813 serva
791 3751 887 3812 altera
902 3749 1008 3833 Trojae
