2496 4334
452 263 613 310 AENEIDOS
636 265 701 310 LIB.
727 265 757 310 V.

80 417 278 498 Trinacriam,
294 423 325 481 et
340 417 433 501 spolia
446 417 498 481 illa
512 419 571 480 tuis
586 417 748 501 pendentia
761 416 876 480 tectis?

79 503 137 566 llle
154 504 209 566 sub
225 505 320 566 haec:
342 504 375 566 N
376 526 414 566 on
427 505 524 566 laudis
539 525 632 581 amor,
647 524 703 565 nec
720 503 814 585 gloria
828 503 919 566 cessit

80 588 174 651 Pulsa
188 596 290 665 metu;
314 589 367 652 sed
384 590 463 651 enim
477 589 594 671 gelidus
608 589 747 651 tardante
764 595 887 651 senecta
1073 608 1119 656 395

82 671 211 756 Sanguis
225 675 327 753 hebet,
342 675 513 757 frigentque
530 675 635 737 effetae
651 674 682 735 in
697 695 820 756 corpore
835 675 924 737 vires.

82 756 115 821 Si
129 759 213 838 mihi,
229 780 306 842 quae
322 760 471 842 quondam
485 761 596 837 fuerat,
612 780 732 842 quaque
747 760 897 842 improbus
912 759 968 822 iste

80 842 223 908 Exsultat
236 845 343 924 fidens,
358 845 383 907 si
398 867 477 908 nunc
493 846 571 907 foret
584 845 636 907 illa
644 845 804 928 juventas:

79 927 174 991 Haud
189 930 328 1013 equidem
343 931 438 1013 pretio
453 931 593 993 inductus
601 930 790 1078 pulchroque
800 930 932 1012 juvenco

79 1012 259 1091 Venissem3
281 1036 338 1078 nec
353 1016 432 1078 dona
445 1037 553 1078 moror.
624 1015 651 1077 ic
667 1015 775 1077 deinde
791 1015 908 1076 locutus

79 1096 118 1160 In
131 1100 264 1162 medium
279 1101 411 1182 geminos
425 1101 546 1163 immani
560 1100 692 1183 pondere
708 1106 826 1162 caestus

80 1182 224 1268 Projecit,
241 1186 347 1268 quibus
362 1207 432 1249 acer
447 1186 532 1270 Eryx
545 1186 577 1248 in
591 1186 704 1269 proelia
718 1191 821 1247 suetus

79 1267 173 1331 Ferre
188 1291 320 1350 manum,
336 1271 470 1355 duroque
485 1270 642 1333 intendere
657 1271 780 1333 brachia
795 1277 891 1352 tergo.

81 1352 271 1438 Obstupuere
287 1356 394 1419 animi:
419 1363 570 1419 tantorum
585 1356 719 1438 ingentia
734 1361 851 1438 septem

79 1439 180 1522 Terga
193 1441 283 1503 bourn
298 1442 418 1525 plumbo
432 1443 530 1504 insuto
544 1442 684 1522 ferroque
699 1441 847 1522 rigebant.

79 1525 165 1588 Ante
181 1547 283 1588 omnes
297 1533 398 1611 stupet
412 1527 476 1610 ipse
493 1527 601 1606 Dares,
617 1527 764 1609 longeque
780 1531 921 1600 recusat;

79 1611 350 1694 Magnanimusque
365 1611 565 1674 Anchisiades
577 1618 608 1674 et
622 1611 738 1694 pondus
754 1617 784 1673 et
798 1611 864 1694 ipsa

79 1696 151 1759 Huc
166 1697 236 1758 illuc
252 1697 416 1760 vinclorum
430 1698 574 1760 immensa
588 1697 737 1759 volumina
751 1702 862 1759 versat.

79 1781 157 1844 Tum
173 1781 271 1844 senior
284 1783 360 1845 tales
375 1783 525 1844 referebat
540 1788 660 1864 pectore
676 1802 784 1844 voces:

80 1866 172 1945 Quid,
187 1867 213 1929 si
228 1866 294 1950 quis
310 1875 428 1931 caestus
444 1867 535 1949 ipsius
551 1872 582 1929 et
597 1867 739 1929 Herculis
755 1887 838 1930 arma

79 1951 226 2030 Vidisset,
241 1952 416 2034 tristemque
431 1953 486 2014 hoe
501 1953 565 2035 ipso
580 1953 612 2014 in
626 1953 712 2014 litore
728 1949 887 2035 pugnam?

79 2037 168 2100 Haeo
183 2058 342 2119 germanus
358 2038 443 2121 Eryx
458 2037 607 2119 quondam
621 2043 691 2100 tuus
707 2058 790 2100 arma
805 2038 931 2118 gerebat
944 2057 952 2113 ;
963 2072 1008 2082 -

81 2120 234 2204 Sanguine
250 2123 347 2186 cernis
360 2123 457 2185 adhuc
473 2143 634 2205 sparsoque
649 2123 762 2185 infecta
777 2123 900 2184 cerebro
913 2143 975 2199 ;-

78 2207 138 2269 His
152 2226 295 2288 magnum
308 2207 439 2270 Alciden
454 2214 558 2270 contra
572 2208 656 2270 stetit
669 2229 677 2284 ;
700 2208 745 2270 bis
762 2228 818 2289 ego
833 2213 948 2286 suebis,

78 2291 162 2355 Dum
175 2292 278 2355 melior
292 2293 370 2354 vires
385 2293 507 2374 sanguis
522 2293 624 2372 dabat,
640 2295 758 2356 aemula
771 2292 901 2354 necdum

78 2376 273 2459 Temporibus
289 2379 414 2459 geminis
430 2378 557 2439 canebat
571 2399 674 2460 sparsa
689 2384 838 2440 senectus.

80 2459 154 2540 Sed,
169 2462 194 2524 si
208 2469 310 2524 nostra
324 2463 422 2525 Dares
436 2463 510 2524 haec
526 2463 633 2526 Troius
648 2484 731 2525 arma
745 2468 877 2540 recusat,

78 2546 176 2629 quue
192 2547 241 2629 pio
256 2547 341 2611 sedet
355 2548 492 2625 Aeneae,
509 2549 614 2630 probat
631 2555 736 2610 auctor
749 2548 899 2610 Acestes:

77 2630 256 2714 Aequemus
271 2654 397 2715 pugnas.
444 2633 552 2716 Erycis
567 2634 621 2694 tibi
636 2639 723 2715 terga
738 2632 857 2694 remitto
870 2652 879 2709 ;

80 2715 168 2789 Solve
184 2724 282 2779 metus
296 2738 303 2792 ;
321 2724 352 2780 et
367 2724 401 2778 tu
416 2717 559 2800 Trojanos
575 2740 650 2780 exue
667 2724 795 2781 caestus.

77 2800 165 2864 Haec
180 2803 273 2880 fatus,
288 2803 436 2885 duplicem
453 2824 490 2863 ex
504 2802 635 2865 humeris
650 2803 755 2886 rejecit
771 2802 912 2864 amictum
926 2821 933 2877 ;

78 2887 121 2949 Et
135 2908 258 2969 magnos
272 2888 471 2949 membrorum
487 2894 580 2965 artus,
594 2908 705 2970 magna
720 2909 788 2951 ossa
803 2887 1002 2970 lacertosque,

78 2971 182 3051 Exuit,
198 2979 288 3054 atque
303 2973 409 3053 ingens
423 2972 523 3034 media
539 2974 672 3035 consistit
688 2994 789 3035 arena.

78 3057 156 3118 Tum
170 3063 252 3118 satus
268 3056 403 3120 Anchisa
418 3065 537 3119 caestus
552 3064 639 3140 pater
654 3059 760 3119 extulit
776 3078 898 3140 aequos,

78 3140 120 3202 Et
135 3141 256 3225 paribus
271 3143 384 3223 palmas
400 3143 553 3204 amborum
566 3143 702 3204 innexuit
716 3143 816 3205 armis.

79 3223 220 3288 Constitit
231 3227 262 3288 in
277 3227 384 3308 digitos
400 3230 547 3309 extemplo
563 3235 698 3291 arrectus
712 3235 852 3310 uterque,

80 3310 270 3393 Brachiaque
286 3312 325 3373 ad
340 3333 464 3394 superas
479 3313 633 3375 interritus
648 3314 754 3376 extulit
765 3334 864 3376 auras.

77 3395 242 3459 Abduxere
259 3403 340 3458 retro
354 3398 442 3478 longe
458 3398 557 3479 capita
572 3399 667 3460 ardua
682 3400 719 3461 ab
734 3399 809 3477 ictu,

77 3480 310 3564 Immiscentque
325 3503 431 3544 manus
446 3484 592 3561 manibus,
608 3504 798 3566 pugnamque
813 3485 976 3562 lacessunt,

77 3565 134 3628 Ille
150 3567 262 3649 pedum
276 3568 380 3628 melior
394 3574 487 3645 motu,
502 3568 657 3651 fretusque
669 3570 807 3651 juventa,

76 3650 137 3713 Hic
152 3652 293 3714 membris
309 3658 340 3713 et
353 3654 430 3714 mole
446 3654 568 3728 valens;
591 3654 644 3715 sed
659 3654 747 3715 tarda
761 3654 902 3714 trementi

78 3735 186 3799 Genua
200 3737 313 3816 labant,
330 3745 429 3799 vastos
445 3738 542 3819 quatit
557 3759 650 3819 aeger
665 3739 812 3801 anhelitus
827 3747 920 3800 artus.
