2496 4334
425 279 593 327 BUOOLICA.
638 279 762 325 ECLOGA
784 278 818 325 X.

96 434 193 499 Venit
209 440 241 497 et
256 435 369 517 agresti
384 435 490 518 capitis
508 433 647 498 Silvanus
662 434 786 513 honore,

96 521 256 584 Florentes
271 521 382 584 ferulas
399 526 430 582 et
445 521 572 603 grandia
585 521 648 582 lilia
663 541 818 602 quassans.

96 607 165 669 Pan
179 607 255 669 deus
270 607 422 669 Arcadiae
438 607 535 669 venit:
561 628 650 689 quem
666 607 793 670 vidimus
815 605 872 688 ipsi

100 691 281 775 Sanguineis
297 693 376 755 ebuli
390 692 491 754 baccis
506 693 655 775 minioque
671 693 840 754 rubentem.

98 776 213 860 Ecquis
229 779 287 840 erit
301 776 431 841 modus?
454 778 562 861 inquit.
606 777 704 840 Amor
718 799 778 840 non
792 777 865 840 talia
880 783 976 839 curat.

99 863 168 926 Nec
183 864 315 926 lacrimis
330 863 461 926 crudelis
476 864 584 943 Amor,
599 884 656 926 nec
672 864 809 946 gramina
823 862 905 940 rivis,

98 949 130 1011 N
131 970 166 1011 eo
182 950 280 1032 cytiso
295 956 470 1012 saturantur
484 971 567 1033 apes,
579 970 635 1012 nec
650 949 756 1012 fronde
772 949 916 1032 capellae.

99 1033 206 1097 Tristis
221 1035 332 1097 atille:
356 1035 471 1098 Tamen
486 1035 657 1114 cantabitis,
672 1034 823 1114 Arcades,
840 1033 949 1116 iuquit,

99 1119 253 1182 Montibus
267 1121 343 1183 haec
359 1122 478 1200 vestris,
494 1122 548 1184 soli
564 1128 687 1184 cantare
702 1120 792 1203 periti

99 1204 249 1268 Arcades.
296 1204 323 1268 Ο
339 1207 411 1268 mihi
426 1213 490 1268 tum
505 1228 597 1290 quam
611 1207 739 1269 molliter
754 1226 821 1268 ossa
836 1204 1003 1288 quiescant,

100 1289 214 1353 Vestra
228 1312 310 1354 meos
325 1292 395 1353 olim
410 1293 435 1355 si
456 1294 557 1356 fistula
573 1293 654 1355 dicat
669 1290 800 1355 amores!

99 1374 204 1458 Atque
218 1377 334 1440 utinam
349 1399 388 1440 ex
403 1379 485 1441 vobis
500 1400 588 1458 unus,
604 1379 756 1461 vestrique
776 1377 900 1439 fuissem

99 1460 166 1524 Aut
180 1469 282 1526 custos
298 1464 410 1546 gregis,
426 1470 479 1526 aut
492 1463 628 1527 maturae
644 1465 753 1526 vinitor
767 1483 844 1525 uvae
858 1460 865 1526 l

102 1544 205 1627 Certe,
220 1549 283 1612 sive
297 1549 370 1611 mihi
386 1550 512 1634 Phyllis,
528 1551 590 1612 sive
606 1556 686 1613 esset
700 1549 863 1632 Amyntas,

102 1630 165 1695 Seu
180 1634 352 1717 quicunque
367 1635 511 1714 furor,-
521 1636 592 1719 quid
606 1642 683 1714 tum,
699 1635 725 1697 si
745 1635 848 1697 fuscus
863 1628 1035 1718 Amyntas?

102 1717 142 1780 Et
156 1720 262 1803 nigrae
278 1721 386 1799 violae,
402 1727 518 1784 suntet
533 1722 668 1785 vaccinia
682 1721 823 1803 nigra—

102 1803 227 1868 Mecum
240 1806 320 1869 inter
334 1807 440 1869 salices
455 1809 537 1869 lenta
552 1808 606 1870 sub
621 1807 682 1869 vite
693 1807 831 1890 jaceret3

103 1888 193 1954 Serta
206 1892 278 1953 mihi
293 1892 410 1976 Phyllis
425 1893 552 1976 legeret,
568 1899 704 1955 cantaret
724 1892 887 1976 Amyntas.

102 1975 162 2038 Hic
179 1976 272 2059 gelidi
285 1978 395 2055 fontes,
409 1978 458 2040 hic
473 1979 573 2040 mollia
587 1985 685 2061 prata,
700 1977 812 2062 Lycori
825 1998 833 2054 ;

102 2059 163 2124 Hic
178 2083 299 2125 nemus:
322 2063 368 2126 his
382 2063 447 2146 ipso
462 2069 562 2126 tecum
577 2085 768 2127 consumerer
783 2085 867 2127 aevo.

102 2146 194 2209 Nunc
210 2149 332 2211 insanus
347 2169 431 2210 amor
446 2149 513 2211 duri
527 2170 575 2212 me
591 2149 700 2212 Martis
714 2150 747 2212 in
762 2149 852 2212 armis

102 2231 178 2294 Tela
191 2233 381 2296 intermedia
396 2241 487 2318 atque
503 2234 645 2298 adversos
660 2236 777 2299 detinet
790 2235 911 2300 hostes:

102 2317 150 2380 'lu
165 2320 269 2401 procul
284 2341 303 2381 a
317 2320 528 2402 patria—nec
545 2322 583 2384 sit
598 2322 669 2398 mihi
684 2322 808 2384 credere
824 2327 942 2385 tantum
955 2319 963 2385 l
974 2355 1019 2366 -·-

101 2403 243 2486 Alpinas,
259 2406 297 2467 ah
312 2405 400 2484 dura,
415 2407 499 2469 nives
515 2413 546 2469 et
560 2407 673 2489 frigora
687 2407 788 2469 Rheni

102 2488 156 2552 Me
172 2490 236 2552 sine
252 2492 313 2554 sola
328 2491 423 2554 vides.
467 2492 520 2554 Ah
536 2499 566 2555 te
581 2515 619 2555 ne
631 2493 746 2576 frigora
759 2492 898 2557 laedant!

101 2574 155 2637 Ah
171 2576 278 2638 tibine
294 2582 414 2640 teneras
428 2579 541 2662 glacies
557 2585 641 2642 secet
656 2600 763 2662 aspera
777 2576 915 2663 plantas!

101 2660 169 2740 Ibo,
185 2668 229 2740 et,
245 2661 418 2726 Chalcidico
432 2685 510 2747 quae
526 2671 597 2727 sunt
611 2665 683 2727 mihi
699 2665 819 2727 condita
834 2685 924 2727 versu

103 2745 256 2826 Carmina,
271 2749 398 2830 pastoris
416 2748 509 2813 Siculi
524 2751 698 2813 modulabor
718 2771 824 2813 avena.

103 2831 230 2894 Certum
244 2835 333 2896 estin
348 2834 439 2915 Q
450 2836 533 2898 inter
548 2838 668 2919 spelaea
679 2837 812 2899 ferarum

101 2917 196 2980 Malle
213 2920 287 3000 pati,
302 2920 474 3004 tenerisque
489 2943 570 2984 meos
586 2914 851 2986 incidere'''amores

100 3004 291 3067 Arboribus:
316 3013 454 3068 crescent
468 3008 555 3083 illae3
579 3008 731 3086 crescatis,
748 3030 874 3071 amores.

87 3114 89 3120 ’
102 3088 228 3151 Interea
242 3091 341 3152 mixtis
356 3092 489 3154 lustrabo
504 3093 647 3155 Maenala
663 3093 825 3177 Nymphis,

102 3174 170 3236 Aut
184 3196 271 3238 acres
287 3178 383 3239 veuab
402 3199 451 3240 ra
472 3199 520 3241 ros
532 3198 539 3254 ;
562 3200 624 3240 non
637 3200 685 3241 me
701 3181 763 3241 ulla
778 3179 923 3242 vetabunt
975 3202 984 3228 ·;
999 3205 1002 3213 ·
1035 3202 1039 3211 ·
1061 3204 1063 3209 ’

102 3258 231 3342 Frigora
246 3198 424 3325 Pafflffnihs
440 3201 562 3343 dangos
578 3265 765 3327 circumdare
784 3266 888 3328 saltus.

102 3344 123 3406 J
125 3366 173 3407 am
187 3346 261 3408 mibi
272 3367 327 3429 per
342 3370 431 3430 rupes
446 3349 551 3425 videor
565 3350 707 3432 lucosque
724 3357 864 3414 sonantes

103 3429 172 3506 Ire;
195 3432 271 3495 libet
285 3433 399 3497 Partho
415 3440 554 3518 torquere
572 3434 709 3518 Cydonia
724 3458 817 3521 cornu

107 3514 247 3599 Spicula3
270 3525 416 3601 tanquam
429 3521 505 3583 hacc
521 3521 581 3582 sint
594 3522 689 3583 nostri
703 3515 854 3585 medicina
868 3518 989 3596 fauoris,

104 3600 168 3665 Aut
184 3602 259 3666 deus
274 3605 324 3666 ille
336 3606 421 3668 malis
436 3606 588 3668 hominum
602 3607 760 3670 mitescere
777 3609 884 3670 discat.

105 3686 173 3750 Jam
187 3711 287 3772 neque
303 3690 537 3775 Hamadryades
553 3714 667 3770 rursus,
682 3715 738 3756 nec
755 3695 888 3756 carmina
902 3688 986 3752 nobis

106 3771 175 3856 Ipsa
189 3776 333 3858 placent3
355 3777 437 3860 ipsae
452 3798 556 3840 rursus
572 3779 727 3841 concedite
745 3780 849 3842 silvae.

460 3334 499 3345 -w
