2496 4334
429 288 679 360 scrumosum.
703 292 749 336 vr.

73 440 176 520 Alma,
191 439 279 503 viros.
324 440 415 503 Foliis
429 446 496 504 tant
496 463 546 503 um
561 463 599 504 ne
615 442 747 505 carmina
761 444 892 520 manda·

73 524 106 588 N
107 548 124 589 e
139 526 261 587 turbata
276 527 377 588 volent
364 526 501 608 trapidis
516 527 644 589 ludibria
659 527 765 589 ventis.

75 609 148 692 Ipsa
164 630 254 672 canas
269 631 331 673 oro.
376 610 481 672 Finem
496 610 580 672 dedit
568 619 645 673 tore
659 611 809 709 loquendi.

94 633 172 770 pt‚A
188 693 301 756 Phoebi
315 693 446 756 nondum
460 695 610 792 patiens,
603 697 737 758 immanis
752 696 783 757 in
798 704 883 759 antro

73 779 313 840 Bacchaturt
261 785 313 841 vat
314 800 357 856 es,
371 800 441 860 mag
443 801 514 841 num
529 779 553 841 si
567 787 688 878 pectore
704 781 797 926 possit

74 862 249 925 Excussisse
265 863 411 925 deum:t
398 869 464 925 tant
465 885 481 925 ο
496 865 591 944 magis
605 865 654 926 ille
669 865 720 927 fat
701 871 777 947 ttrga

76 947 119 1010 Os
133 947 281 1025 rabidum,
296 948 362 1010 fera
377 948 467 1010 corda
482 948 613 1026 domans,
628 949 773 1046 fingitque
789 950 960 1031 premendo.

76 1031 185 1095 Ostia
172 1053 294 1114 Jamque
312 1032 415 1094 domus
430 1039 555 1114 patuere
569 1033 702 1115 ingentia
717 1040 837 1095 centum

77 1116 189 1199 Sponte
205 1137 271 1195 sua,
286 1117 421 1198 vatisque
436 1117 537 1178 ferunt
551 1138 692 1199 responsa
707 1139 761 1200 per
776 1138 884 1182 auras:

77 1201 104 1264 Ο
120 1201 241 1263 tandem
255 1201 370 1281 magnis
385 1201 484 1283 pelagi
499 1201 640 1264 defuncte
655 1202 773 1284 periclis
784 1237 827 1247 -

77 1285 140 1348 Sed
153 1292 253 1348 terrae
268 1285 405 1367 graviora
419 1292 551 1364 manent,
563 1320 606 1332 -
617 1287 648 1348 in
662 1292 757 1368 regna
772 1286 878 1349 Lavini

75 1369 268 1433 Dardanidae
283 1370 423 1432 venient:
447 1370 531 1432 mitte
545 1371 622 1432 hanc
638 1371 675 1432 de
691 1378 811 1453 pectore
827 1392 952 1448 curam;

78 1454 140 1518 Sed
155 1476 215 1518 non
230 1461 261 1516 et
275 1455 390 1517 venisse
406 1455 516 1517 volent.
560 1454 658 1532 Bella,
673 1456 793 1517 horrida
808 1457 898 1535 bella,

77 1539 119 1601 Et
135 1541 180 1602 Th
201 1539 278 1601 brim
291 1540 384 1601 multo
399 1544 586 1621 spumantem
600 1540 743 1620 sanguine
759 1561 859 1603 cerno.

76 1623 109 1686 N
110 1645 148 1686 on
187 1624 271 1687 imois
285 1623 340 1686 tibi
353 1644 409 1685 nec
426 1623 498 1685 Xan
500 1624 567 1686 thus
581 1644 639 1686 nec
654 1624 766 1686 Dorica
778 1632 843 1687 cast
843 1647 878 1688 ra

77 1709 248 1771 Defuerint.
292 1708 380 1770 Alius
395 1707 503 1770 Latio
489 1729 553 1790 Jam
567 1714 671 1790 partus
685 1708 831 1788 Achilleo,

77 1793 177 1856 Natus
193 1793 245 1856 et
237 1813 300 1875 ipse
316 1792 383 1855 dea.
427 1792 495 1854 Nec
512 1792 635 1855 Teucris
650 1793 753 1855 addita
766 1793 788 1855 J
789 1815 847 1854 unc

76 1877 214 1960 Usquam
229 1877 334 1940 aberit.
379 1874 506 1948 Quumt
494 1884 527 1939 ιιι
541 1878 689 1959 supplex
681 1901 712 1939 ιιι
726 1878 815 1940 rebus
830 1879 932 1959 egenis

78 1960 160 2034 Quas
176 1968 326 2045 gentest
295 1961 326 2023 It
327 1962 473 2025 alumt
421 1969 473 2023 aut
488 1983 562 2044 quas
577 1983 636 2023 nou
651 1963 782 2024 oraveris
796 1963 907 2026 urbes
900 1962 906 2006 t

79 2046 194 2110 Caussa
206 2047 277 2109 mali
291 2047 367 2108 tanti
381 2047 489 2128 conjux
502 2047 513 2108 i
514 2053 611 2108 terum
624 2046 741 2128 hospita
755 2044 890 2124 Teucris,

78 2131 140 2194 Ext
128 2131 263 2214 ternique
279 2131 415 2193 iterumt
402 2131 533 2193 thalami

78 2216 126 2279 Τιι
139 2237 178 2278 ne
194 2215 267 2278 cede
280 2215 377 2293 malis,
392 2215 446 2277 scd
461 2221 564 2279 contra
579 2215 756 2278 audentior'
749 2222 802 2293 rto,

80 2299 178 2373 Quam
192 2306 244 2362 tua
258 2306 289 2362 te
303 2299 473 2362 Fortuna
451 2307 539 2363 smet.
516 2301 646 2362 tVia
660 2301 756 2383 prima
770 2299 885 2379 salutis,

80 2385 167 2458 Quod
181 2385 299 2446 minime
313 2384 400 2462 reris,
416 2382 508 2446 Graia
521 2385 671 2467 pandetur
685 2386 722 2446 ab
737 2385 821 2447 urbe
892 2382 896 2392 '

123 2468 243 2531 Tahbus
258 2489 296 2530 ex
309 2432 400 2552 adytd
416 2469 502 2532 dictis
519 2469 651 2533 Cumaea
667 2467 752 2552 Sibyl
751 2468 782 2530 la

80 2553 256 2615 Horrendas
271 2553 352 2614 canit
366 2554 518 2635 ambages,
533 2560 678 2636 antroque
692 2552 833 2633 remugit,

82 2638 225 2701 Obscuris
239 2657 312 2699 vera
325 2637 498 2701 involvens:
523 2659 559 2700 ea
572 2638 659 2699 frena
674 2637 785 2698 furenti

82 2721 233 2799 concutit,
248 2727 280 2784 et
293 2722 425 2784 stimulos
440 2722 494 2784 sub
510 2729 630 2805 pectore
646 2722 736 2783 vertit
750 2720 870 2803 Apollo.

80 2806 125 2869 Ut
139 2807 266 2889 primum
281 2807 369 2868 cessit
383 2806 476 2884 furor,
493 2814 524 2867 et
538 2806 642 2868 rabida
657 2826 710 2866 ora
725 2806 876 2887 quierunt,

80 2891 191 2987 Incipit
178 2889 327 2952 tAeneas
341 2890 446 2952 heros:
472 2890 542 2952 Non
556 2891 618 2952 ulla
635 2890 780 3034 laborum,

82 2974 151 3036 0·
125 2994 219 3054 virgo,
234 2994 311 3035 nova
326 2996 366 3035 mr
356 2974 494 3036 facies'
486 2975 643 3055 mcpinave
659 2974 765 3054 surgit.

82 3058 190 3121 Omnia
204 3059 344 3140 praecepi
359 3064 390 3119 at
391 3079 448 3139 que
464 3059 561 3120 animo
575 3079 692 3120 mecum
707 3063 775 3119 ante
791 3055 907 3139 peregi.

81 3143 184 3205 Unum
197 3161 270 3216 οιο;
294 3142 412 3224 quando
426 3142 474 3203 hic
489 3142 619 3204 inferni
605 3163 700 3224 Janua
714 3141 793 3221 regis

81 3227 201 3288 Dicitur
215 3231 246 3287 et
233 3226 365 3287 ttenebr
350 3247 417 3287 osa
431 3228 516 3323 palus
530 3225 703 3288 Acheronte
715 3226 837 3302 refus03

81 3310 132 3371 Ire
148 3310 187 3371 ad
202 3317 394 3393 conspectum
409 3310 470 3371 cari
485 3309 628 3392 genitoris
647 3316 678 3371 et
696 3331 748 3372 ora

82 3394 266 3474 Contingat3
289 3393 397 3456 doceas
411 3394 480 3472 iter,
496 3401 527 3456 et
542 3415 628 3456 sacra
643 3395 719 3456 ostia
733 3393 858 3476 pandas.

80 3479 171 3539 Illum
186 3499 242 3558 ego
256 3498 311 3559 per
326 3479 459 3540 flammas
475 3485 506 3540 et
520 3479 600 3540 mille
617 3479 774 3560 sequentia
788 3479 850 3539 tela

82 3562 188 3644 Eripui
201 3562 247 3623 his
262 3562 402 3640 humeris,
418 3563 574 3644 medioque
591 3584 628 3624 ex
642 3564 726 3624 hoste
742 3561 843 3643 recepi
857 3581 865 3635 3

80 3646 148 3724 Ille,
166 3666 265 3706 meum
280 3646 436 3707 comitatus
451 3646 519 3724 iter,
535 3648 629 3709 maria
643 3648 741 3709 omnia
754 3665 872 3706 mecum

79 3729 183 3811 Atque
200 3750 300 3791 omnes
315 3729 473 3811 pelagique
489 3733 584 3793 minas
604 3731 738 3811 coelique
756 3729 884 3806 ferebat,
