2496 4334
468 264 629 313 subulcos
651 265 716 312 ΠΒ.
739 265 786 312 1v.

443 667 479 736 A
497 666 528 736 E
546 667 581 736 N
600 667 668 736 EI
686 668 721 736 D
740 667 772 736 O
791 668 814 738 S

470 847 582 900 nisan
600 846 786 907 QUARTUS.

102 1000 153 1062 Ar
168 1001 273 1083 regina
287 1002 372 1082 gravi
381 1002 446 1085 jam
461 1001 574 1064 dudum
588 1002 690 1064 saucia
705 1022 789 1079 cura,

102 1085 223 1149 Vulnus
238 1085 291 1148 alit
305 1086 399 1165 venis,
415 1093 446 1149 ct
461 1108 550 1150 caeco
566 1087 699 1170 carpitur
713 1086 785 1168 igni.

102 1169 203 1232 Multa
224 1170 280 1232 viri
294 1170 388 1234 virtus
404 1172 511 1251 anime,
527 1173 698 1254 multusque
713 1176 849 1234 recursat

103 1251 210 1317 Gentis
225 1255 337 1331 hon0s;
359 1257 484 1318 haerent
498 1258 581 1319 infixi
597 1264 717 1340 pectore
733 1257 833 1318 vultus

101 1338 266 1422 Verbaque
279 1360 287 1415 ;
309 1362 365 1404 nec
380 1342 528 1424 placidam
542 1342 682 1404 membris
697 1342 750 1404 dat
765 1362 838 1404 cura
852 1339 993 1423 quietem.
1126 1359 1144 1406 5

101 1422 230 1487 Postera
245 1424 387 1488 Phoebea
400 1427 548 1490 lustrabat
561 1426 698 1509 lampade
717 1432 824 1505 terras,

101 1508 346 1593 Humentemque
361 1511 483 1574 Aurora
497 1514 563 1595 polo
578 1512 742 1574 dimoverat
756 1511 910 1586 umbram;

101 1589 202 1666 Quum
217 1595 259 1657 sic
274 1596 443 1658 unanimam
458 1597 617 1679 alloquitur
631 1597 708 1659 male
724 1616 797 1658 sana
811 1615 961 1658 sororem:

99 1677 192 1743 Anna
206 1700 300 1759 soror,
316 1701 392 1762 quae
407 1702 455 1744 me
470 1703 643 1764 suspensam
657 1681 802 1744 insomnia
816 1677 948 1743 terrent!

101 1761 176 1837 Quis
191 1785 286 1828 novus
299 1765 348 1827 hic
363 1767 472 1828 nostris
487 1768 632 1829 successit
646 1767 765 1830 sedibus
779 1766 885 1848 hospes
898 1763 906 1828 l
1112 1782 1143 1830 ιο

100 1847 200 1920 Quem
214 1870 280 1913 sese
295 1871 345 1934 ore
360 1850 479 1916 ferens!
503 1873 593 1934 quam
607 1852 677 1914 forti
692 1856 825 1934 pectore,
841 1857 873 1912 et
888 1846 996 1913 armis!

101 1933 201 1998 Credo
217 1935 365 2017 equidem,
380 1957 436 1999 nec
452 1957 527 1999 vana
541 1937 628 2015 fides,
644 1958 737 2019 genus
753 1956 818 1999 esse
834 1935 967 1997 deorum.

99 2018 277 2102 Degeneres
292 2021 403 2084 animos
417 2022 505 2084 timer
519 2022 628 2102 arguit.
673 2021 756 2100 Heu,
773 2020 879 2103 quibus
893 2021 943 2082 ille

98 2108 122 2171 J
124 2112 241 2168 actatus
255 2105 342 2170 fatis!
367 2127 444 2188 quae
458 2107 538 2168 bella
552 2107 697 2169 exhausta
716 2104 861 2169 canebat!

101 2191 136 2255 Si
150 2191 222 2252 mihi
236 2212 296 2253 non
310 2191 407 2254 animo
421 2192 513 2254 fixum
526 2191 737 2273 immotumque
754 2190 874 2253 sederet
1111 2209 1142 2257 15

99 2277 151 2339 Ne
169 2275 217 2338 cui
230 2297 278 2338 me
293 2276 390 2339 vinclo
405 2277 513 2340 vellem
527 2277 639 2339 sociare
650 2276 758 2360 jugali,

99 2363 265 2443 Postquam
279 2362 391 2443 primus
406 2383 489 2424 amor
503 2361 660 2445 deceptam
675 2367 769 2423 morte
784 2360 891 2423 fefellit
904 2380 912 2437 ;

101 2447 209 2511 Sinon
224 2453 393 2529 pertaesum
404 2447 526 2509 thalami
542 2447 708 2530 taedaeque
723 2447 839 2523 fuisset,

99 2531 182 2594 Huic
198 2531 249 2592 uni
263 2532 364 2594 forsan
379 2533 462 2613 potui
477 2533 670 2595 succumbere
687 2533 803 2613 culpae.

99 2617 203 2694 Anna,
218 2616 333 2678 fatebor
348 2617 437 2695 enim,
453 2617 553 2678 miseri
568 2625 634 2700 post
648 2619 711 2679 fata
727 2614 858 2700 Sychaei

100 2701 255 2784 Conjugis,
271 2711 302 2763 et
316 2722 433 2783 sparsos
447 2703 581 2764 fraterna
595 2703 687 2764 caede
703 2702 846 2777 Penates

102 2786 189 2849 Solus
203 2786 251 2848 hic
266 2787 379 2848 inflexit
393 2806 507 2864 sensus,
523 2786 712 2869 animumque
726 2788 876 2849 labantem

99 2871 233 2953 Impulit.
277 2872 419 2952 Agnosco
434 2872 544 2935 vete1is
559 2872 686 2953 vestigia
700 2873 845 2934 flammae.

101 2955 164 3018 Sed
179 2955 250 3017 mibi
264 2957 313 3018 vel
327 2957 415 3018 tellus
431 2964 530 3040 optem
545 2957 626 3039 prius
641 2958 701 3020 ima
719 2957 863 3034 dehiscat,

99 3042 160 3104 Vel
175 3047 261 3123 pater
275 3040 458 3123 omnipotens
474 3041 576 3124 adigat
590 3063 637 3103 me
652 3042 774 3104 fulmine
791 3041 830 3103 ad
850 3038 981 3117 umbras,
1107 3056 1139 3104 25
1233 3088 1247 3102 .

99 3126 252 3188 Pallentes
267 3126 386 3188 umbras
401 3127 504 3205 Erebi,
519 3134 696 3209 noctemque
711 3125 901 3209 profundam,

98 3211 194 3288 Ante,
210 3211 323 3286 Pudor,
338 3232 428 3293 quam
443 3218 473 3274 te
489 3212 575 3289 violo,
593 3221 645 3274 aut
658 3220 710 3274 tua
719 3214 791 3296 jura
802 3211 927 3273 resolvo.

98 3295 155 3356 Ille
171 3316 262 3374 meos,
278 3296 389 3377 primus
405 3298 456 3379 qui
470 3319 516 3359 me
533 3297 588 3363 sibi
597 3298 709 3381 junxit,
725 3316 839 3360 amores

97 3381 253 3456 Abstulit3
274 3381 324 3442 ille
338 3382 449 3444 habeat
463 3403 575 3461 secum,
591 3390 750 3465 servetque
766 3382 911 3465 sepulcro.

100 3464 150 3528 Sic
167 3466 266 3542 effata,
282 3466 379 3528 sinum
392 3468 532 3551 lacrymis
547 3468 682 3550 implevit
696 3468 815 3530 obortis.
1106 3481 1138 3529 30

140 3550 233 3612 Anna
247 3551 358 3613 refert:
385 3550 411 3613 0
426 3554 493 3614 luce
508 3553 602 3634 magis
618 3554 728 3616 dilecta
742 3551 845 3629 sorori,

100 3633 207 3696 Solane
223 3643 368 3718 perpetua
382 3659 517 3702 maerens
533 3660 657 3721 carpere
667 3634 818 3721 juventa?

97 3720 164 3782 Nec
180 3721 283 3782 dulces
298 3727 394 3801 natos,
409 3724 539 3787 Veneris
558 3745 613 3787 nec
629 3723 762 3807 praemia
775 3718 877 3784 noris?
