2496 4334
140 267 203 331 284
482 285 511 330 r.
529 284 671 331 vrnerurr
690 283 835 331 usaours

142 435 192 500 Sic
207 442 293 519 pater
308 435 358 498 ille
373 436 463 498 deum
476 437 579 515 faciat,
594 435 636 499 sic
649 438 727 499 altus
737 434 862 519 Apollo!

139 520 271 604 Incipias
286 522 421 584 conferre
436 542 567 600 manum.

140 605 270 668 Tantum
284 606 401 685 effatvm,
413 612 445 667 et
459 605 567 667 infesta
581 605 660 668 subit
674 605 777 668 obvius
791 605 887 668 hasta.

139 690 196 752 Ille
212 696 332 752 autem:
358 689 437 762 Quid
451 711 510 767 me,
525 696 639 772 erepto,
654 689 836 770 saevissime,
848 697 919 753 nato

140 773 274 837 Terres?
307 774 395 837 Haec
410 774 459 836 via
473 775 535 837 sola
551 775 618 852 fuit,
634 794 695 857 qua
708 773 834 857 perdere
850 795 962 858 posses.

140 858 208 920 Nec
223 865 349 921 mortem
362 858 527 938 horremus,
542 879 598 921 neo
615 858 716 921 divum
730 859 879 941 parcimus
893 861 957 921 ulli.

139 943 272 1006 Desine:
291 945 355 1026 jam
365 943 452 1006 venio
466 944 638 1022 moriturus,
650 949 681 1005 et
695 944 770 1005 haec
785 944 839 1006 tibi
853 950 939 1027 porto

139 1028 228 1090 Dona
241 1028 333 1110 prius.
378 1027 473 1106 Dixit,
488 1029 641 1109 telumque
655 1027 773 1090 intorsit
786 1028 817 1090 in
831 1029 968 1105 hostem3

139 1111 216 1174 inde
231 1112 312 1174 aliud
326 1132 417 1195 super
431 1119 522 1194 atque
537 1112 618 1175 aliud
632 1113 769 1194 figitque,
784 1113 924 1195 volatque

139 1196 261 1279 Ingenti
276 1218 351 1280 gyro
364 1217 372 1273 ;
396 1197 449 1259 sed
464 1197 591 1260 sustinet
602 1217 710 1259 aureus
722 1196 820 1259 umbo.

140 1281 200 1344 Ter
214 1281 328 1344 circum
341 1281 510 1344 adstantem
523 1282 624 1344 laevos
635 1281 780 1363 equitavit
792 1282 823 1343 in
834 1282 932 1361 orbes,

139 1365 213 1429 Tela
226 1387 317 1428 manu
326 1366 442 1449 jaciens
456 1386 464 1441 ;
487 1372 535 1428 ter
550 1386 652 1428 seeum
667 1366 774 1428 Troius
787 1367 875 1429 heros

139 1450 304 1513 Immunem
319 1457 421 1513 aerato
436 1451 608 1514 circumfert
622 1450 752 1531 tegmine
768 1451 882 1513 silvam.

139 1534 216 1597 Inde
231 1535 282 1597 ubi
296 1541 341 1596 tot
356 1536 481 1598 traxisse
495 1555 604 1614 moras,
620 1540 665 1597 tot
679 1535 793 1617 spicula
807 1536 911 1599 taedet

139 1619 273 1698 Vellere,
289 1625 321 1682 et
334 1624 482 1701 urgeretur
496 1640 598 1704 pugna
613 1639 790 1701 congressus
804 1620 917 1702 iniqua,

139 1703 239 1766 Multa
253 1725 374 1767 movens
389 1705 497 1783 animo,
508 1705 572 1788 jam
586 1703 708 1766 tandem
723 1706 867 1788 erumpit,
878 1712 909 1767 et
922 1705 1002 1767 inter

138 1788 297 1851 Bellatoris
312 1789 382 1871 equi
396 1809 471 1852 cava
486 1796 620 1871 tempora
634 1789 756 1872 conjicit
769 1791 895 1852 hastam.

139 1874 228 1936 Tollit
241 1894 273 1936 se
289 1880 440 1936 arrectum
454 1873 625 1956 quadrupes
640 1879 671 1936 et
686 1874 817 1936 calcibus
832 1894 920 1938 auras

138 1957 300 2038 Verberat,
316 1959 500 2041 effusumque
515 1959 647 2040 equitem
661 1978 751 2041 super
765 1959 829 2041 ipse
844 1965 966 2023 secutus

94 2042 287 2205 (implicat,
302 2044 457 2127 ejectoque
471 2043 615 2106 incumbit
628 2063 758 2105 cernuus
773 2063 866 2108 armo.

139 2126 274 2190 Clamore
290 2127 454 2190 incendunt
468 2128 584 2190 coelum
598 2128 750 2209 Troesque
766 2127 936 2212 Latinique.

137 2211 270 2275 Advolat
284 2211 424 2290 Aeneas,
433 2213 600 2293 vaginaque
616 2211 705 2294 eripit
719 2233 831 2292 ensem,

138 2296 180 2358 Et
194 2317 284 2380 super
297 2297 383 2358 haec.
429 2293 489 2359 Ubi
503 2316 584 2358 nunc
598 2295 766 2359 Mezentius
781 2318 852 2360 acer
867 2303 899 2358 et
911 2296 963 2359 illa

30 2429 34 2440 .
137 2381 239 2443 Effera
252 2381 297 2444 vis
313 2380 428 2443 animi?
474 2381 587 2443 Contra
601 2380 785 2463 Tyrrhenus,
801 2390 836 2444 ut
850 2402 939 2444 auras

138 2463 309 2548 Suspiciens
324 2466 424 2528 hausit
438 2467 554 2527 coelum
568 2471 756 2547 mentemque
772 2466 905 2548 recepit:

136 2549 240 2613 Hostis
255 2571 367 2628 amare,
383 2550 456 2631 quid
469 2550 630 2632 increpitas
645 2558 829 2632 mortemque
844 2549 991 2612 minaris?

137 2633 263 2697 Nullum
276 2636 308 2696 in
323 2635 415 2696 caede
423 2635 525 2713 nefas,
540 2654 596 2695 neo
612 2634 654 2696 sic
669 2634 707 2696 ad
723 2636 835 2716 proelia
849 2635 930 2713 veni,

136 2718 204 2781 Neo
221 2726 321 2781 tecum
335 2739 419 2781 meus
433 2720 508 2781 haec
524 2718 638 2801 pepigit
651 2719 723 2780 mihi
737 2720 860 2782 foedera
874 2720 1002 2782 Lausus.

136 2802 238 2865 Unum
252 2804 319 2882 hoc,
335 2825 390 2886 per
404 2804 429 2865 si
444 2825 504 2885 qua
520 2810 566 2865 est
581 2803 667 2864 victis
682 2805 770 2866 venia
783 2804 926 2882 hostibus,
942 2822 1005 2880 oro,

137 2886 252 2970 Corpus
266 2888 356 2950 humo
371 2888 484 2969 patiare
501 2889 573 2969 tegi.
618 2886 686 2949 Scio
698 2890 806 2951 acerba
820 2909 954 2950 meorum

137 2970 336 3034 Circumstare
352 2973 437 3035 odia:
462 2973 553 3050 hunc,
566 2993 627 3049 oro,
639 2971 767 3035 defende
782 2974 926 3050 furorem,

135 3055 177 3119 Et
191 3078 238 3118 me
254 3063 420 3120 consortem
434 3057 497 3119 nati
513 3056 643 3140 concede
659 3059 804 3138 sepulcro.

134 3139 222 3203 Haeo
237 3141 379 3223 loquitur,
389 3142 556 3225 juguloque
571 3140 652 3202 haud
667 3141 777 3216 inscius
793 3142 902 3224 accipit
917 3160 1030 3218 ensem,

134 3223 329 3308 Undantique
344 3226 472 3287 animam
487 3225 625 3288 diffimdit
640 3225 670 3286 in
685 3245 768 3290 arma
783 3247 898 3316 cruore.
