2496 4334
319 308 322 312 .
421 269 582 316 anunmos
606 271 671 316 mn.
696 269 770 316 vm.
1047 255 1110 319 239

65 423 155 486 Illum
169 422 336 508 indignanti
350 425 475 488 similem
489 424 672 506 similemque
688 423 808 486 minant'

65 509 261 592 Adspiceres,
277 518 398 593 pontem
415 511 540 573 auderet
555 511 626 593 quia
640 511 751 571 vellere
768 510 885 589 Cocles,
1061 532 1110 582 650

66 595 108 657 Et
122 595 246 658 fluvium
260 596 364 658 vinclis
379 597 498 658 innaret
517 595 630 665 Cloelia
644 595 750 676 ruptis.

64 680 104 742 In
118 700 232 743 summo
248 688 348 744 custos
363 681 508 764 Tarpeiae
525 681 657 742 Manlius
672 680 749 742 arcis

67 763 175 828 Stabat
190 786 243 847 pro
258 768 369 849 templo
385 773 416 828 et
432 765 579 848 Capitolia
595 766 676 827 celsa
693 766 827 845 tenebat,

64 850 269 934 Romuleoque
285 872 391 914 reeens
405 852 547 914 horrebat
562 851 647 930 regia
662 851 770 912 culmo.

63 933 169 1017 Atque
184 936 232 998 hic
248 937 360 999 auratis
375 938 501 999 volitans
521 942 682 1016 argenteus
698 956 787 997 auser

65 1019 233 1085 Porticibus
249 1020 350 1084 Gallos
365 1023 397 1084 in
409 1023 511 1083 limine
527 1021 632 1083 adesse
648 1020 793 1096 canebat3

66 1103 145 1167 Galli
159 1128 215 1191 per
229 1107 333 1169 dumos
348 1107 484 1185 aderant,
500 1126 660 1187 arcemque
682 1106 837 1184 tenebant,

64 1191 189 1254 Defensi
203 1192 334 1254 tenebris
350 1199 381 1254 et
396 1192 472 1254 dono
487 1192 582 1254 noctis
597 1211 726 1273 opacae:

63 1275 169 1339 Aurea
184 1278 330 1340 caesaries
345 1277 409 1339 ollis
424 1284 514 1359 atque
530 1297 621 1339 aurea
636 1275 748 1351 vestis3

63 1361 200 1444 Virgatis
214 1365 316 1425 lucent
331 1363 442 1444 sagulis
456 1383 464 1438 3
487 1369 551 1423 tum
565 1363 664 1423 lactea
687 1363 763 1423 colla

62 1447 150 1510 Auro
164 1448 378 1523 innectrmtur3
401 1447 460 1510 duo
476 1447 602 1529 quisque
623 1445 736 1528 Alpina
752 1452 910 1509 coruscant

64 1533 167 1596 Gaesa
180 1555 281 1612 manu,
297 1533 389 1596 scutis
403 1533 531 1614 protecti
546 1553 670 1614 corpora
683 1532 790 1613 longis.

62 1618 124 1680 Hic
140 1620 323 1681 exsultantes
340 1617 435 1680 Salios
449 1617 604 1700 nudosque
621 1617 785 1700 Lupercos,

62 1703 286 1786 Lanigerosque
302 1704 402 1786 apices
417 1709 448 1764 et
462 1705 546 1785 lapsa
560 1703 668 1765 ancilia
682 1704 764 1765 coelo

63 1788 251 1864 Extuderat3
275 1796 374 1851 castae
391 1788 542 1850 ducebant
556 1808 643 1850 saera
657 1809 712 1870 per
726 1787 831 1850 urbem

63 1872 188 1936 Pilentis
203 1880 313 1936 matres
328 1874 359 1936 in
373 1874 519 1936 mollibus.
599 1874 646 1936 ino
662 1874 766 1956 procul
788 1823 934 1936 aaut?

62 1958 223 2021 Tartareas
238 1959 328 2021 etiam
343 1959 442 2037 sedes,
458 1960 519 2021 alta
552 1980 565 2021 s
580 1980 609 2020 ra
623 1958 714 2036 Ditis,

61 2043 104 2105 Et
118 2045 266 2106 scelerum
280 2065 401 2127 poenas,
417 2050 449 2106 et
463 2050 505 2123 te,
523 2044 661 2122 Catilina,
676 2042 785 2105 minaci

61 2129 249 2191 Pendentem
264 2130 384 2212 scopulo
398 2129 617 2211 Furiarumque
633 2149 685 2190 ora
700 2133 878 2191 trementem
890 2147 900 2206 ;

63 2212 262 2297 Secretusque
277 2215 359 2297 pios3
382 2215 429 2276 his
444 2214 566 2276 dantem
578 2214 650 2297 jura
666 2212 820 2277 Catonem.

60 2299 148 2362 Haeo
166 2300 245 2362 inter
259 2300 365 2362 tumidi
379 2301 440 2361 late
455 2300 545 2362 maris
563 2300 625 2362 ibat
646 2299 755 2380 imago,

59 2384 177 2464 Aurea,
192 2385 246 2447 sed
259 2386 352 2446 fluctu
368 2386 545 2468 spumabant
565 2386 686 2447 caerula
702 2401 797 2458 ean03

60 2469 104 2530 Et
119 2471 231 2532 circum
245 2476 370 2553 argento
386 2471 458 2532 clari
481 2470 635 2551 delphines
650 2470 682 2531 iu
696 2470 798 2532 orbem

59 2555 206 2637 Aequora
221 2556 380 2617 verrebant
395 2555 508 2632 caudis,
524 2561 699 2637 aestumque
715 2555 867 2617 secabant.

60 2640 99 2702 In
114 2640 211 2703 medio
226 2642 335 2703 classes
350 2647 479 2719 aeratas,
494 2640 586 2702 Actia
603 2640 693 2717 bella,

61 2723 195 2788 Cernere
211 2731 297 2801 erat3
320 2732 474 2807 totumque
489 2725 634 2787 instructo
652 2725 752 2786 Marte
768 2724 886 2787 videres

58 2811 192 2873 Fervere
209 2810 374 2887 Leucaten,
390 2831 520 2892 auroque
541 2811 684 2891 effulgere
699 2810 817 2871 fluctus.

59 2897 141 2958 Hinc
156 2894 315 2978 Augustus
330 2916 422 2976 agens
439 2896 531 2957 Italos
546 2895 578 2956 in
596 2895 708 2977 proelia
728 2893 841 2957 Caesar

60 2981 137 3044 Cum
149 2980 289 3042 Patribus
304 2979 489 3062 Populoque,
505 2981 668 3042 Penatibus
684 2985 715 3041 ct
728 2981 844 3061 magnis
860 2980 927 3059 Dis,

61 3065 152 3128 Stans
168 3067 249 3128 celsa
263 3066 294 3126 111
309 3066 417 3148 puppi:
449 3066 582 3148 geminas
597 3065 646 3126 cui
660 3070 795 3145 tempora
806 3066 939 3128 flammas

59 3150 155 3212 Laeta
170 3156 302 3228 vomunt,
317 3151 506 3233 patriumque
522 3151 656 3232 aperitur
669 3149 784 3216 vertice
796 3149 888 3213 sidus.

59 3235 152 3297 Parte
166 3236 225 3297 alia
239 3236 336 3297 ventis
350 3242 383 3298 et
397 3236 443 3298 dis
456 3236 596 3318 Agrippa
617 3231 755 3298 secundis

58 3321 184 3383 Arduus
199 3341 307 3402 agmen
322 3341 435 3402 agens:
461 3322 520 3400 eui,
535 3322 605 3382 belli
619 3321 735 3402 insigne
753 3320 926 3404 superbum,

58 3407 206 3488 Tempora
219 3407 318 3468 navali
332 3407 450 3487 fulgent
465 3413 593 3468 rostrata
608 3427 726 3468 corona.

59 3491 140 3553 Hinc
156 3512 211 3573 ope
226 3492 383 3553 barbarica
397 3491 547 3573 variisque
563 3492 713 3554 Antonius
728 3493 829 3572 armiS,

58 3576 167 3638 Victor
183 3577 219 3638 ab
236 3575 373 3639 Aurorae
389 3577 505 3659 populis
521 3583 552 3638 et
565 3577 650 3638 litore
666 3576 767 3650 rubro,

55 3661 235 3744 Aegyptum
250 3663 388 3744 viresque
406 3660 537 3724 Orientis
553 3668 584 3724 et
599 3662 703 3723 ultima
722 3683 825 3725 secum

56 3746 173 3809 Bactra
187 3747 269 3810 vehit
282 3768 290 3824 ;
319 3747 525 3830 sequiturque,
540 3746 643 3811 nefas!
667 3745 823 3831 Aegyptia
839 3748 957 3831 conjux.
