2496 4334
101 250 163 314 210
435 269 465 314 Ρ.
488 268 631 315 vinoun
655 267 800 316 uaaoms

101 418 173 482 Non
187 420 305 483 dabitur
319 420 431 503 regnis,
446 427 521 499 esto,
536 421 692 504 prohibere
708 420 834 501 Latinis,

100 504 205 588 Atque
219 506 340 568 immota
353 512 455 567 manet
469 507 539 568 fatis
554 506 679 568 Lavinia
694 508 801 590 conjux
815 528 822 582 ;

100 589 146 652 At
161 591 279 652 trahere
295 598 385 673 atque
399 612 497 653 moras
512 592 602 654 tantis
617 592 688 653 licet
703 592 815 654 addere
830 592 930 672 rebus,

99 674 145 736 At
159 675 230 737 licet
244 675 396 738 amborum
410 676 533 758 populos
549 676 722 739 exscindere
738 698 854 759 regum.

100 758 169 822 Hac
185 781 278 841 gener
293 767 383 842 atque
399 781 484 823 socer
499 763 605 823 coeant
618 761 757 824 mercede
773 782 903 824 suorum.

102 842 254 925 Sanguine
269 845 396 928 Trojano
412 852 443 908 et
457 846 570 908 Rutum
586 847 738 924 dotabere,
750 847 856 928 virgo;

100 928 142 991 Et
157 929 282 992 Bellona
296 937 398 993 manet
414 936 443 993 te
458 932 601 1014 pronuba.
646 931 679 993 N
680 952 714 994 ec
729 932 795 993 face
811 938 927 994 tantum

101 1012 210 1077 Cisseis
225 1036 392 1098 praegnans
408 1016 492 1098 ignes
507 1016 594 1079 enixa
603 1018 722 1100 jugales
736 1037 744 1091 3

101 1097 180 1172 Quin
194 1101 273 1162 idem
289 1100 404 1164 Veneri
419 1106 524 1184 partus
539 1122 610 1164 suus
625 1109 656 1163 et
670 1101 757 1164 Paris
773 1101 860 1178 alter,

100 1184 310 1268 Funestaeque
326 1185 434 1248 iterum
449 1186 581 1249 recidiva
595 1186 626 1248 in
642 1185 791 1268 Pergama
803 1185 921 1248 taedae.

142 1269 229 1332 Haec
245 1271 296 1332 ubi
311 1271 393 1333 dicta
407 1270 501 1349 dedit,
517 1277 612 1334 terras
627 1271 777 1334 horrenda
790 1271 907 1354 petivit.

5 1415 7 1420 .
100 1353 277 1417 Luctificam
291 1354 410 1418 Allecto
426 1355 558 1418 dirarum
572 1356 609 1418 ab
625 1356 696 1418 sede
713 1356 837 1418 dearum

100 1439 288 1522 Infernisque
305 1441 365 1503 ciet
378 1440 529 1504 tenebris:
552 1441 602 1503 cui
616 1442 712 1504 tristia
725 1442 814 1519 bella,

100 1524 240 1608 Iraequ'e,
256 1524 450 1608 insidiaeque,
467 1532 497 1588 et
513 1526 637 1589 crimina
650 1527 739 1589 noxia
754 1526 846 1589 cordi.

101 1609 174 1671 Odit
188 1611 296 1692 etipse
312 1617 399 1693 pater
413 1611 534 1690 Pluton,
550 1611 639 1673 odere
654 1632 769 1674 sorores

100 1692 260 1758 Tartareae
275 1702 460 1759 monstrum:
483 1702 528 1758 tot
542 1717 607 1758 sese
624 1697 714 1759 vertit
728 1697 759 1758 in
774 1717 837 1776 ora,

99 1777 174 1842 Tam
188 1801 295 1844 saevae
310 1780 412 1860 facies,
427 1787 473 1844 tot
486 1782 614 1864 pullulat
627 1788 694 1844 atra
709 1782 846 1845 colubris.

100 1863 197 1937 Quam
209 1866 232 1929 J
233 1887 291 1928 uno
306 1867 351 1928 his
367 1867 448 1929 acuit
462 1867 570 1945 verbis,
586 1887 620 1928 ac
637 1867 708 1928 talia
721 1867 803 1929 fatur
819 1889 826 1929 :

99 1950 190 2013 Hunc
206 1952 277 2014 mihi
292 1951 332 2012 da
346 1952 509 2034 proprium,
525 1952 608 2034 virgo
623 1957 689 2014 sata
703 1952 814 2030 Nocte,
828 1951 972 2032 laborem,
1022 1968 1025 1972 ’

99 2035 188 2099 Hanc
204 2057 335 2120 operam,
350 2058 388 2098 ne
404 2043 505 2100 noster
518 2038 611 2100 honos
625 2037 790 2100 infractave
807 2037 896 2100 cedat

98 2121 192 2184 Fama
206 2124 281 2202 loco,
296 2143 356 2184 neu
371 2122 523 2185 connubiis
539 2123 649 2185 ambire
665 2121 806 2184 Latinum

98 2206 262 2270 Aeneadae
278 2207 401 2290 possint,
417 2207 547 2270 italosve
563 2207 698 2270 obsidere
713 2209 799 2269 fines
841 2218 847 2230 '

99 2289 146 2352 Tu
160 2299 244 2374 potes
258 2291 411 2354 unanimos
427 2312 542 2354 armare
556 2292 588 2353 in
602 2292 714 2375 proelia
728 2293 849 2369 fratres,

97 2374 202 2458 Atque
218 2377 292 2440 odiis
308 2397 426 2439 versare
443 2377 543 2439 domos
556 2396 565 2453 ;
588 2383 622 2439 tu
636 2377 763 2440 verbera
777 2378 866 2439 tectis

98 2460 310 2545 Funereasque
326 2463 436 2525 inferre
451 2463 533 2525 faces
546 2481 555 2538 ;
576 2463 629 2524 tibi
645 2464 763 2524 nomina
777 2463 868 2540 mille,

98 2545 183 2610 Mille
198 2548 325 2610 nocendi
340 2554 440 2611 artes:
464 2547 627 2609 fecundum
643 2555 767 2609 concute
783 2553 900 2629 pectus,

97 2629 210 2717 Disjice
226 2634 417 2716 compositam
432 2653 548 2716 pacem,
564 2653 630 2695 sere
645 2632 769 2694 crimina
782 2632 871 2708 belli;

97 2716 194 2780 Arma
208 2719 281 2780 velit
295 2725 456 2801 poscatque
473 2718 571 2796 simul,
587 2718 743 2800 rapiatque
753 2718 898 2800 juventus
915 2713 922 2779 !

140 2804 219 2864 Exin
235 2802 401 2885 Gorgoneis
416 2804 536 2865 Allecto
549 2803 663 2864 infecta
677 2802 800 2865 venenis

97 2887 248 2971 Principio
262 2887 382 2950 Latium
397 2894 427 2950 et
447 2886 606 2949 Laurentis
618 2893 702 2964 ,tecta
717 2887 838 2971 tyranni

99 2972 188 3035 Celsa
202 2974 288 3056 petit,
306 2974 490 3055 tacitumque
505 2973 621 3035 obsedit
635 2973 725 3034 limen
736 2972 878 3048 Amatae,

98 3058 195 3130 Quam
210 3080 300 3141 super
315 3059 446 3120 adventu
461 3057 610 3120 Teucrum
626 3056 777 3139 Turnique
791 3054 965 3140 hymenaeis

97 3143 258 3206 Femineae
275 3144 432 3206 ardentem
448 3163 598 3225 curaeque
613 3142 736 3224 iraeque
752 3142 930 3224 coquebant.

97 3228 178 3290 Huic
195 3229 252 3291 dea
267 3230 411 3291 caeruleis
426 3249 518 3290 unum
533 3228 570 3289 de
587 3227 716 3289 crinibus
731 3247 860 3308 anguem

99 3310 237 3397 Conjicit,
252 3313 342 3395 inque
357 3314 454 3375 sinum
469 3311 645 3395 praecordia
659 3312 698 3374 ad
712 3312 817 3374 intima
832 3308 944 3387 subdit,

99 3397 164 3470 Quo
179 3398 339 3461 furibunda
352 3398 471 3460 domum
486 3403 616 3460 monstro
631 3397 810 3480 permisceat
823 3415 950 3458 omnem.

97 3483 166 3561 Ille,
181 3483 259 3546 inter
273 3491 372 3546 vestes
387 3490 418 3545 et
432 3482 510 3545 levia
524 3489 647 3564 pectora
661 3483 772 3564 lapsus,

98 3569 240 3632 Volvitur
255 3576 370 3631 attactu
383 3569 475 3647 nullo,
494 3567 630 3650 fallitque
644 3568 805 3645 furentem,

99 3654 262 3737 Vipeream
276 3655 423 3738 inspirans
439 3654 587 3716 animam:
611 3654 646 3714 fit
663 3653 761 3714 tortile
777 3651 852 3714 collo

98 3739 218 3802 Aurum
232 3741 338 3823 ingens
353 3740 485 3818 coluber,
500 3740 535 3801 fit
549 3739 656 3820 longae
671 3737 772 3800 taenia
786 3737 891 3816 vittae,
