<?xml version="1.0" encoding="UTF-8"?>
<!DOCTYPE html PUBLIC "-//W3C//DTD XHTML 1.0 Transitional//EN"
    "http://www.w3.org/TR/xhtml1/DTD/xhtml1-transitional.dtd">
<html xmlns="http://www.w3.org/1999/xhtml" xml:lang="en" lang="en">
 <head>
  <title>
</title>
<meta http-equiv="Content-Type" content="text/html;charset=utf-8" />
  <meta name='ocr-system' content='tesseract 3.04.00' />
  <meta name='ocr-capabilities' content='ocr_page ocr_carea ocr_par ocr_line ocrx_word'/>
</head>
<body>
  <div class='ocr_page' id='page_1' title='image "./bucolicsgeorgic00virggoog/bucolicsgeorgic00virggoog_0323.png"; bbox 0 0 2496 4334; ppageno 0'>
   <div class='ocr_carea' id='block_1_1' title="bbox 156 273 855 342">
    <p class='ocr_par' dir='ltr' id='par_1_1' title="bbox 156 273 855 342">
     <span class='ocr_line' id='line_1_1' title="bbox 156 273 855 342; baseline 0.004 -3"><span class='ocrx_word' id='word_1_1' title='bbox 156 273 219 339; x_wconf 78' lang='lat'>312</span> <span class='ocrx_word' id='word_1_2' title='bbox 495 295 524 341; x_wconf 83' lang='lat' dir='ltr'>r.</span> <span class='ocrx_word' id='word_1_3' title='bbox 548 295 690 342; x_wconf 81' lang='lat' dir='ltr'>vmcnn</span> <span class='ocrx_word' id='word_1_4' title='bbox 710 293 855 342; x_wconf 75' lang='lat' dir='ltr'>nasonis</span> 
     </span>
    </p>
   </div>
   <div class='ocr_carea' id='block_1_2' title="bbox 76 444 1077 3828">
    <p class='ocr_par' dir='ltr' id='par_1_2' title="bbox 155 444 1077 530">
     <span class='ocr_line' id='line_1_2' title="bbox 155 444 1077 530; baseline 0.001 -23"><span class='ocrx_word' id='word_1_5' title='bbox 155 444 217 508; x_wconf 88' lang='lat' dir='ltr'>Vix</span> <span class='ocrx_word' id='word_1_6' title='bbox 232 465 279 523; x_wconf 87' lang='lat' dir='ltr'>ea,</span> <span class='ocrx_word' id='word_1_7' title='bbox 295 465 387 528; x_wconf 94' lang='lat' dir='ltr'>quum</span> <span class='ocrx_word' id='word_1_8' title='bbox 400 446 548 530; x_wconf 79' lang='lat' dir='ltr'>lacrymas</span> <span class='ocrx_word' id='word_1_9' title='bbox 563 447 655 510; x_wconf 91' lang='lat' dir='ltr'>oculis</span> <span class='ocrx_word' id='word_1_10' title='bbox 668 445 691 508; x_wconf 86' lang='lat' dir='ltr'><strong>J</strong></span> <span class='ocrx_word' id='word_1_11' title='bbox 691 452 802 508; x_wconf 90' lang='lat' dir='ltr'>uturna</span> <span class='ocrx_word' id='word_1_12' title='bbox 815 445 959 528; x_wconf 86' lang='lat' dir='ltr'>profudit,</span> <span class='ocrx_word' id='word_1_13' title='bbox 1073 448 1077 455; x_wconf 89' lang='grc'><strong>’</strong></span> 
     </span>
    </p>

    <p class='ocr_par' dir='ltr' id='par_1_3' title="bbox 154 528 1026 614">
     <span class='ocr_line' id='line_1_3' title="bbox 154 528 1026 614; baseline 0.003 -23"><span class='ocrx_word' id='word_1_14' title='bbox 154 528 274 612; x_wconf 78' lang='lat' dir='ltr'>Terque</span> <span class='ocrx_word' id='word_1_15' title='bbox 290 536 455 613; x_wconf 75' lang='lat' dir='ltr'>quaterque</span> <span class='ocrx_word' id='word_1_16' title='bbox 471 552 561 593; x_wconf 91' lang='lat' dir='ltr'>manu</span> <span class='ocrx_word' id='word_1_17' title='bbox 575 538 682 614; x_wconf 89' lang='lat' dir='ltr'>pectus</span> <span class='ocrx_word' id='word_1_18' title='bbox 697 531 844 613; x_wconf 78' lang='lat' dir='ltr'>percussit</span> <span class='ocrx_word' id='word_1_19' title='bbox 857 530 1026 594; x_wconf 87' lang='lat' dir='ltr'>honestum.</span> 
     </span>
    </p>

    <p class='ocr_par' dir='ltr' id='par_1_4' title="bbox 132 614 927 698">
     <span class='ocr_line' id='line_1_4' title="bbox 132 614 927 698; baseline 0.005 -25"><span class='ocrx_word' id='word_1_20' title='bbox 132 663 135 670; x_wconf 91' lang='lat'>.</span> <span class='ocrx_word' id='word_1_21' title='bbox 154 614 225 676; x_wconf 92' lang='lat' dir='ltr'>Non</span> <span class='ocrx_word' id='word_1_22' title='bbox 240 615 379 698; x_wconf 83' lang='lat' dir='ltr'>lacrymis</span> <span class='ocrx_word' id='word_1_23' title='bbox 393 615 448 678; x_wconf 90' lang='lat' dir='ltr'>hoc</span> <span class='ocrx_word' id='word_1_24' title='bbox 464 622 592 698; x_wconf 79' lang='lat' dir='ltr'>tempus,</span> <span class='ocrx_word' id='word_1_25' title='bbox 608 617 650 678; x_wconf 89' lang='lat' dir='ltr'>ait</span> <span class='ocrx_word' id='word_1_26' title='bbox 668 615 810 678; x_wconf 82' lang='lat' dir='ltr'>Saturnia</span> <span class='ocrx_word' id='word_1_27' title='bbox 823 615 927 690; x_wconf 82' lang='lat' dir='ltr'>Jun03</span> 
     </span>
    </p>

    <p class='ocr_par' dir='ltr' id='par_1_5' title="bbox 153 697 980 783">
     <span class='ocr_line' id='line_1_5' title="bbox 153 697 980 783; baseline 0.001 -22"><span class='ocrx_word' id='word_1_28' title='bbox 153 697 315 778; x_wconf 91' lang='lat' dir='ltr'>Accelera,</span> <span class='ocrx_word' id='word_1_29' title='bbox 330 706 361 761; x_wconf 90' lang='lat' dir='ltr'>et</span> <span class='ocrx_word' id='word_1_30' title='bbox 374 701 509 777; x_wconf 88' lang='lat' dir='ltr'>fratrem,</span> <span class='ocrx_word' id='word_1_31' title='bbox 525 701 549 763; x_wconf 89' lang='lat' dir='ltr'>si</span> <span class='ocrx_word' id='word_1_32' title='bbox 564 701 631 783; x_wconf 89' lang='lat' dir='ltr'>quis</span> <span class='ocrx_word' id='word_1_33' title='bbox 645 701 761 778; x_wconf 90' lang='lat' dir='ltr'>modus,</span> <span class='ocrx_word' id='word_1_34' title='bbox 776 701 858 782; x_wconf 88' lang='lat' dir='ltr'>eripe</span> <span class='ocrx_word' id='word_1_35' title='bbox 873 700 980 776; x_wconf 85' lang='lat' dir='ltr'>morti3</span> 
     </span>
    </p>

    <p class='ocr_par' dir='ltr' id='par_1_6' title="bbox 153 781 938 868">
     <span class='ocr_line' id='line_1_6' title="bbox 153 781 938 868; baseline 0.003 -24"><span class='ocrx_word' id='word_1_36' title='bbox 153 781 221 844; x_wconf 92' lang='lat' dir='ltr'>Aut</span> <span class='ocrx_word' id='word_1_37' title='bbox 235 789 269 845; x_wconf 89' lang='lat' dir='ltr'>tu</span> <span class='ocrx_word' id='word_1_38' title='bbox 283 784 362 846; x_wconf 90' lang='lat' dir='ltr'>bella</span> <span class='ocrx_word' id='word_1_39' title='bbox 376 785 433 864; x_wconf 90' lang='lat' dir='ltr'>cie,</span> <span class='ocrx_word' id='word_1_40' title='bbox 449 793 685 868; x_wconf 88' lang='lat' dir='ltr'>conceptumque</span> <span class='ocrx_word' id='word_1_41' title='bbox 700 792 808 847; x_wconf 80' lang='lat' dir='ltr'>excute</span> <span class='ocrx_word' id='word_1_42' title='bbox 822 784 938 848; x_wconf 86' lang='lat' dir='ltr'>foedus.</span> 
     </span>
    </p>

    <p class='ocr_par' dir='ltr' id='par_1_7' title="bbox 153 866 903 951">
     <span class='ocr_line' id='line_1_7' title="bbox 153 866 903 951; baseline 0.005 -23"><span class='ocrx_word' id='word_1_43' title='bbox 153 866 272 935; x_wconf 82' lang='lat' dir='ltr'>Auctor</span> <span class='ocrx_word' id='word_1_44' title='bbox 287 890 342 950; x_wconf 89' lang='lat' dir='ltr'>ego</span> <span class='ocrx_word' id='word_1_45' title='bbox 358 870 498 932; x_wconf 90' lang='lat' dir='ltr'>audendi.</span> <span class='ocrx_word' id='word_1_46' title='bbox 545 869 595 933; x_wconf 83' lang='lat' dir='ltr'>Sic</span> <span class='ocrx_word' id='word_1_47' title='bbox 611 870 767 933; x_wconf 84' lang='lat' dir='ltr'>exhortata</span> <span class='ocrx_word' id='word_1_48' title='bbox 781 869 903 951; x_wconf 88' lang='lat' dir='ltr'>reliquit</span> 
     </span>
    </p>

    <p class='ocr_par' dir='ltr' id='par_1_8' title="bbox 153 952 879 1121">
     <span class='ocr_line' id='line_1_8' title="bbox 153 952 879 1018; baseline 0.003 -4"><span class='ocrx_word' id='word_1_49' title='bbox 153 952 306 1015; x_wconf 77' lang='lat' dir='ltr'>Incertam</span> <span class='ocrx_word' id='word_1_50' title='bbox 320 960 351 1016; x_wconf 89' lang='lat' dir='ltr'>et</span> <span class='ocrx_word' id='word_1_51' title='bbox 365 956 443 1017; x_wconf 91' lang='lat' dir='ltr'>tristi</span> <span class='ocrx_word' id='word_1_52' title='bbox 457 955 607 1017; x_wconf 90' lang='lat' dir='ltr'>turbatam</span> <span class='ocrx_word' id='word_1_53' title='bbox 622 955 745 1018; x_wconf 75' lang='lat' dir='ltr'>udnere</span> <span class='ocrx_word' id='word_1_54' title='bbox 760 955 879 1016; x_wconf 89' lang='lat' dir='ltr'>mentis.</span> 
     </span>
     <span class='ocr_line' id='line_1_9' title="bbox 196 1037 791 1121; baseline 0.005 -23"><span class='ocrx_word' id='word_1_55' title='bbox 196 1037 319 1100; x_wconf 87' lang='lat' dir='ltr'>Interea</span> <span class='ocrx_word' id='word_1_56' title='bbox 332 1059 431 1120; x_wconf 89' lang='lat' dir='ltr'>reges,</span> <span class='ocrx_word' id='word_1_57' title='bbox 445 1039 560 1121; x_wconf 81' lang='lat' dir='ltr'>ingenti</span> <span class='ocrx_word' id='word_1_58' title='bbox 574 1040 650 1102; x_wconf 91' lang='lat' dir='ltr'>mole</span> <span class='ocrx_word' id='word_1_59' title='bbox 666 1037 791 1101; x_wconf 88' lang='lat' dir='ltr'>Latinus</span> 
     </span>
    </p>

    <p class='ocr_par' dir='ltr' id='par_1_9' title="bbox 154 1120 930 1206">
     <span class='ocr_line' id='line_1_10' title="bbox 154 1120 930 1206; baseline 0.003 -24"><span class='ocrx_word' id='word_1_60' title='bbox 154 1120 338 1205; x_wconf 84' lang='lat' dir='ltr'>Quadn&#39;jugo</span> <span class='ocrx_word' id='word_1_61' title='bbox 353 1124 472 1186; x_wconf 90' lang='lat' dir='ltr'>vehitur</span> <span class='ocrx_word' id='word_1_62' title='bbox 487 1145 589 1202; x_wconf 90' lang='lat' dir='ltr'>curru,</span> <span class='ocrx_word' id='word_1_63' title='bbox 604 1124 653 1186; x_wconf 92' lang='lat' dir='ltr'>cui</span> <span class='ocrx_word' id='word_1_64' title='bbox 667 1130 802 1206; x_wconf 88' lang='lat' dir='ltr'>tempora</span> <span class='ocrx_word' id='word_1_65' title='bbox 816 1122 930 1186; x_wconf 90' lang='lat' dir='ltr'>circum</span> 
     </span>
    </p>

    <p class='ocr_par' dir='ltr' id='par_1_10' title="bbox 153 1205 791 1290">
     <span class='ocr_line' id='line_1_11' title="bbox 153 1205 791 1290; baseline 0.005 -24"><span class='ocrx_word' id='word_1_66' title='bbox 153 1205 264 1268; x_wconf 90' lang='lat' dir='ltr'>Aurati</span> <span class='ocrx_word' id='word_1_67' title='bbox 278 1208 322 1269; x_wconf 89' lang='lat' dir='ltr'>bis</span> <span class='ocrx_word' id='word_1_68' title='bbox 338 1229 391 1270; x_wconf 89' lang='lat' dir='ltr'>sex</span> <span class='ocrx_word' id='word_1_69' title='bbox 404 1209 480 1270; x_wconf 90' lang='lat' dir='ltr'>radii</span> <span class='ocrx_word' id='word_1_70' title='bbox 494 1209 642 1290; x_wconf 86' lang='lat' dir='ltr'>fulgentia</span> <span class='ocrx_word' id='word_1_71' title='bbox 656 1208 791 1290; x_wconf 77' lang='lat' dir='ltr'>cingrmt,</span> 
     </span>
    </p>

    <p class='ocr_par' dir='ltr' id='par_1_11' title="bbox 155 1288 895 1376">
     <span class='ocr_line' id='line_1_12' title="bbox 155 1288 895 1376; baseline 0.003 -25"><span class='ocrx_word' id='word_1_72' title='bbox 155 1288 232 1353; x_wconf 81' lang='lat' dir='ltr'>Solis</span> <span class='ocrx_word' id='word_1_73' title='bbox 247 1292 294 1353; x_wconf 89' lang='lat' dir='ltr'>avi</span> <span class='ocrx_word' id='word_1_74' title='bbox 309 1293 459 1375; x_wconf 91' lang='lat' dir='ltr'>specimen</span> <span class='ocrx_word' id='word_1_75' title='bbox 472 1313 480 1368; x_wconf 92' lang='lat'>;</span> <span class='ocrx_word' id='word_1_76' title='bbox 502 1294 579 1376; x_wconf 81' lang='lat' dir='ltr'>bigis</span> <span class='ocrx_word' id='word_1_77' title='bbox 592 1294 617 1355; x_wconf 93' lang='lat' dir='ltr'>it</span> <span class='ocrx_word' id='word_1_78' title='bbox 631 1293 750 1356; x_wconf 82' lang='lat' dir='ltr'>Tmnus</span> <span class='ocrx_word' id='word_1_79' title='bbox 764 1293 795 1354; x_wconf 91' lang='lat' dir='ltr'>in</span> <span class='ocrx_word' id='word_1_80' title='bbox 810 1291 895 1370; x_wconf 86' lang='lat' dir='ltr'>albis,</span> 
     </span>
    </p>

    <p class='ocr_par' dir='ltr' id='par_1_12' title="bbox 153 1373 797 1460">
     <span class='ocr_line' id='line_1_13' title="bbox 153 1373 797 1460; baseline 0.005 -24"><span class='ocrx_word' id='word_1_81' title='bbox 153 1373 232 1437; x_wconf 92' lang='lat' dir='ltr'>Bina</span> <span class='ocrx_word' id='word_1_82' title='bbox 246 1396 336 1438; x_wconf 91' lang='lat' dir='ltr'>manu</span> <span class='ocrx_word' id='word_1_83' title='bbox 351 1377 411 1439; x_wconf 88' lang='lat' dir='ltr'>lato</span> <span class='ocrx_word' id='word_1_84' title='bbox 426 1378 559 1460; x_wconf 88' lang='lat' dir='ltr'>crispans</span> <span class='ocrx_word' id='word_1_85' title='bbox 573 1378 692 1442; x_wconf 89' lang='lat' dir='ltr'>hastilia</span> <span class='ocrx_word' id='word_1_86' title='bbox 706 1378 797 1440; x_wconf 84' lang='lat' dir='ltr'>ferro.</span> 
     </span>
    </p>

    <p class='ocr_par' dir='ltr' id='par_1_13' title="bbox 154 1460 875 1544">
     <span class='ocr_line' id='line_1_14' title="bbox 154 1460 875 1544; baseline 0.001 -23"><span class='ocrx_word' id='word_1_87' title='bbox 154 1460 235 1522; x_wconf 92' lang='lat' dir='ltr'>Hinc</span> <span class='ocrx_word' id='word_1_88' title='bbox 249 1467 336 1543; x_wconf 90' lang='lat' dir='ltr'>pater</span> <span class='ocrx_word' id='word_1_89' title='bbox 350 1461 483 1540; x_wconf 83' lang='lat' dir='ltr'>Aeneas,</span> <span class='ocrx_word' id='word_1_90' title='bbox 498 1463 652 1526; x_wconf 86' lang='lat' dir='ltr'>Romanae</span> <span class='ocrx_word' id='word_1_91' title='bbox 667 1462 767 1544; x_wconf 88' lang='lat' dir='ltr'>stirpis</span> <span class='ocrx_word' id='word_1_92' title='bbox 781 1461 875 1543; x_wconf 87' lang='lat' dir='ltr'>origo,</span> 
     </span>
    </p>

    <p class='ocr_par' dir='ltr' id='par_1_14' title="bbox 156 1543 900 1630">
     <span class='ocr_line' id='line_1_15' title="bbox 156 1543 900 1630; baseline 0.003 -25"><span class='ocrx_word' id='word_1_93' title='bbox 156 1543 279 1607; x_wconf 85' lang='lat' dir='ltr'>Sidereo</span> <span class='ocrx_word' id='word_1_94' title='bbox 295 1547 425 1627; x_wconf 87' lang='lat' dir='ltr'>flagrans</span> <span class='ocrx_word' id='word_1_95' title='bbox 440 1549 545 1630; x_wconf 80' lang='lat' dir='ltr'>clypeo</span> <span class='ocrx_word' id='word_1_96' title='bbox 561 1555 592 1611; x_wconf 93' lang='lat' dir='ltr'>et</span> <span class='ocrx_word' id='word_1_97' title='bbox 608 1548 783 1611; x_wconf 89' lang='lat' dir='ltr'>coelestibus</span> <span class='ocrx_word' id='word_1_98' title='bbox 799 1546 900 1622; x_wconf 91' lang='lat' dir='ltr'>armis,</span> 
     </span>
    </p>

    <p class='ocr_par' dir='ltr' id='par_1_15' title="bbox 154 1627 943 1716">
     <span class='ocr_line' id='line_1_16' title="bbox 154 1627 943 1716; baseline 0.001 -26"><span class='ocrx_word' id='word_1_99' title='bbox 154 1627 196 1691; x_wconf 87' lang='lat' dir='ltr'>Et</span> <span class='ocrx_word' id='word_1_100' title='bbox 205 1630 294 1712; x_wconf 85' lang='lat' dir='ltr'>juxta</span> <span class='ocrx_word' id='word_1_101' title='bbox 307 1630 469 1711; x_wconf 88' lang='lat' dir='ltr'>Ascanius,</span> <span class='ocrx_word' id='word_1_102' title='bbox 483 1653 609 1714; x_wconf 86' lang='lat' dir='ltr'>magnae</span> <span class='ocrx_word' id='word_1_103' title='bbox 624 1653 692 1716; x_wconf 89' lang='lat' dir='ltr'>spes</span> <span class='ocrx_word' id='word_1_104' title='bbox 708 1633 803 1694; x_wconf 87' lang='lat' dir='ltr'>altera</span> <span class='ocrx_word' id='word_1_105' title='bbox 817 1631 943 1707; x_wconf 87' lang='lat' dir='ltr'>Romae,</span> 
     </span>
    </p>

    <p class='ocr_par' dir='ltr' id='par_1_16' title="bbox 154 1713 922 1800">
     <span class='ocr_line' id='line_1_17' title="bbox 154 1713 922 1800; baseline 0.001 -26"><span class='ocrx_word' id='word_1_106' title='bbox 154 1713 327 1777; x_wconf 88' lang='lat' dir='ltr'>Procedunt</span> <span class='ocrx_word' id='word_1_107' title='bbox 342 1716 447 1779; x_wconf 87' lang='lat' dir='ltr'>castris</span> <span class='ocrx_word' id='word_1_108' title='bbox 460 1736 468 1792; x_wconf 84' lang='lat'>3</span> <span class='ocrx_word' id='word_1_109' title='bbox 488 1738 623 1800; x_wconf 88' lang='lat' dir='ltr'>puraque</span> <span class='ocrx_word' id='word_1_110' title='bbox 638 1718 670 1779; x_wconf 92' lang='lat' dir='ltr'>in</span> <span class='ocrx_word' id='word_1_111' title='bbox 684 1724 767 1779; x_wconf 89' lang='lat' dir='ltr'>veste</span> <span class='ocrx_word' id='word_1_112' title='bbox 783 1713 922 1778; x_wconf 87' lang='lat' dir='ltr'>sacerdos</span> 
     </span>
    </p>

    <p class='ocr_par' dir='ltr' id='par_1_17' title="bbox 156 1795 857 1885">
     <span class='ocr_line' id='line_1_18' title="bbox 156 1795 857 1885; baseline 0.001 -26"><span class='ocrx_word' id='word_1_113' title='bbox 156 1795 285 1881; x_wconf 82' lang='lat' dir='ltr'>Setigeri</span> <span class='ocrx_word' id='word_1_114' title='bbox 299 1799 394 1862; x_wconf 87' lang='lat' dir='ltr'>fetum</span> <span class='ocrx_word' id='word_1_115' title='bbox 409 1802 470 1863; x_wconf 89' lang='lat' dir='ltr'>suis</span> <span class='ocrx_word' id='word_1_116' title='bbox 484 1802 690 1885; x_wconf 87' lang='lat' dir='ltr'>intonsamque</span> <span class='ocrx_word' id='word_1_117' title='bbox 705 1801 857 1863; x_wconf 89' lang='lat' dir='ltr'>bidentem</span> 
     </span>
    </p>

    <p class='ocr_par' dir='ltr' id='par_1_18' title="bbox 153 1880 883 1969">
     <span class='ocr_line' id='line_1_19' title="bbox 153 1880 883 1969; baseline 0.004 -27"><span class='ocrx_word' id='word_1_118' title='bbox 153 1880 278 1962; x_wconf 87' lang='lat' dir='ltr'>Attulit,</span> <span class='ocrx_word' id='word_1_119' title='bbox 293 1884 482 1968; x_wconf 84' lang='lat' dir='ltr'>admovitque</span> <span class='ocrx_word' id='word_1_120' title='bbox 497 1906 589 1968; x_wconf 88' lang='lat' dir='ltr'>pecus</span> <span class='ocrx_word' id='word_1_121' title='bbox 603 1886 797 1969; x_wconf 85' lang='lat' dir='ltr'>flagrantibus</span> <span class='ocrx_word' id='word_1_122' title='bbox 814 1885 883 1947; x_wconf 88' lang='lat' dir='ltr'>aris.</span> 
     </span>
    </p>

    <p class='ocr_par' dir='ltr' id='par_1_19' title="bbox 153 1966 827 2052">
     <span class='ocr_line' id='line_1_20' title="bbox 153 1966 827 2052; baseline 0.004 -24"><span class='ocrx_word' id='word_1_123' title='bbox 153 1966 202 2028; x_wconf 95' lang='lat' dir='ltr'>Illi</span> <span class='ocrx_word' id='word_1_124' title='bbox 217 1968 256 2029; x_wconf 92' lang='lat' dir='ltr'>ad</span> <span class='ocrx_word' id='word_1_125' title='bbox 270 1977 442 2052; x_wconf 80' lang='lat' dir='ltr'>surgentem</span> <span class='ocrx_word' id='word_1_126' title='bbox 458 1972 593 2034; x_wconf 89' lang='lat' dir='ltr'>conversi</span> <span class='ocrx_word' id='word_1_127' title='bbox 608 1973 719 2033; x_wconf 91' lang='lat' dir='ltr'>lumina</span> <span class='ocrx_word' id='word_1_128' title='bbox 734 1971 827 2033; x_wconf 90' lang='lat' dir='ltr'>solem</span> 
     </span>
    </p>

    <p class='ocr_par' dir='ltr' id='par_1_20' title="bbox 152 2050 909 2138">
     <span class='ocr_line' id='line_1_21' title="bbox 152 2050 909 2138; baseline 0.003 -25"><span class='ocrx_word' id='word_1_129' title='bbox 152 2050 236 2114; x_wconf 90' lang='lat' dir='ltr'>Dant</span> <span class='ocrx_word' id='word_1_130' title='bbox 250 2052 353 2136; x_wconf 85' lang='lat' dir='ltr'>fruges</span> <span class='ocrx_word' id='word_1_131' title='bbox 367 2056 502 2118; x_wconf 91' lang='lat' dir='ltr'>manibus</span> <span class='ocrx_word' id='word_1_132' title='bbox 517 2057 620 2134; x_wconf 85' lang='lat' dir='ltr'>salsas,</span> <span class='ocrx_word' id='word_1_133' title='bbox 636 2063 667 2118; x_wconf 90' lang='lat' dir='ltr'>et</span> <span class='ocrx_word' id='word_1_134' title='bbox 681 2061 816 2138; x_wconf 89' lang='lat' dir='ltr'>tempora</span> <span class='ocrx_word' id='word_1_135' title='bbox 829 2053 909 2116; x_wconf 87' lang='lat' dir='ltr'>ferro</span> 
     </span>
    </p>

    <p class='ocr_par' dir='ltr' id='par_1_21' title="bbox 155 2134 995 2223">
     <span class='ocr_line' id='line_1_22' title="bbox 155 2134 995 2223; baseline 0.004 -25"><span class='ocrx_word' id='word_1_136' title='bbox 155 2134 278 2200; x_wconf 83' lang='lat' dir='ltr'>Summa</span> <span class='ocrx_word' id='word_1_137' title='bbox 292 2145 397 2201; x_wconf 88' lang='lat' dir='ltr'>notant</span> <span class='ocrx_word' id='word_1_138' title='bbox 410 2141 569 2222; x_wconf 88' lang='lat' dir='ltr'>pecudum,</span> <span class='ocrx_word' id='word_1_139' title='bbox 585 2141 755 2223; x_wconf 89' lang='lat' dir='ltr'>paterisque</span> <span class='ocrx_word' id='word_1_140' title='bbox 770 2139 878 2201; x_wconf 90' lang='lat' dir='ltr'>altaria</span> <span class='ocrx_word' id='word_1_141' title='bbox 890 2138 995 2201; x_wconf 88' lang='lat' dir='ltr'>libant.</span> 
     </span>
    </p>

    <p class='ocr_par' dir='ltr' id='par_1_22' title="bbox 153 2221 884 2307">
     <span class='ocr_line' id='line_1_23' title="bbox 153 2221 884 2307; baseline 0.004 -25"><span class='ocrx_word' id='word_1_142' title='bbox 153 2221 230 2283; x_wconf 76' lang='lat' dir='ltr'>Tum</span> <span class='ocrx_word' id='word_1_143' title='bbox 244 2223 310 2304; x_wconf 89' lang='lat' dir='ltr'>pius</span> <span class='ocrx_word' id='word_1_144' title='bbox 324 2223 447 2286; x_wconf 84' lang='lat' dir='ltr'>Aeneas</span> <span class='ocrx_word' id='word_1_145' title='bbox 462 2225 564 2288; x_wconf 90' lang='lat' dir='ltr'>stricto</span> <span class='ocrx_word' id='word_1_146' title='bbox 579 2226 621 2288; x_wconf 90' lang='lat' dir='ltr'>sic</span> <span class='ocrx_word' id='word_1_147' title='bbox 637 2246 707 2288; x_wconf 89' lang='lat' dir='ltr'>ense</span> <span class='ocrx_word' id='word_1_148' title='bbox 722 2230 884 2307; x_wconf 89' lang='lat' dir='ltr'>precatur:</span> 
     </span>
    </p>

    <p class='ocr_par' dir='ltr' id='par_1_23' title="bbox 154 2305 966 2387">
     <span class='ocr_line' id='line_1_24' title="bbox 154 2305 966 2387; baseline 0.005 -21"><span class='ocrx_word' id='word_1_149' title='bbox 154 2305 228 2367; x_wconf 85' lang='lat' dir='ltr'>Esto</span> <span class='ocrx_word' id='word_1_150' title='bbox 242 2328 322 2369; x_wconf 90' lang='lat' dir='ltr'>nunc</span> <span class='ocrx_word' id='word_1_151' title='bbox 339 2307 390 2371; x_wconf 82' lang='lat' dir='ltr'>Sol</span> <span class='ocrx_word' id='word_1_152' title='bbox 405 2310 489 2372; x_wconf 88' lang='lat' dir='ltr'>testis</span> <span class='ocrx_word' id='word_1_153' title='bbox 505 2311 625 2372; x_wconf 87' lang='lat' dir='ltr'>ethaeo</span> <span class='ocrx_word' id='word_1_154' title='bbox 640 2310 711 2371; x_wconf 91' lang='lat' dir='ltr'>mihi</span> <span class='ocrx_word' id='word_1_155' title='bbox 726 2310 821 2370; x_wconf 80' lang='lat' dir='ltr'>Terra</span> <span class='ocrx_word' id='word_1_156' title='bbox 836 2307 966 2387; x_wconf 88' lang='lat' dir='ltr'>vocanti,</span> 
     </span>
    </p>

    <p class='ocr_par' dir='ltr' id='par_1_24' title="bbox 154 2390 885 2477">
     <span class='ocr_line' id='line_1_25' title="bbox 154 2390 885 2477; baseline 0.003 -25"><span class='ocrx_word' id='word_1_157' title='bbox 154 2390 250 2462; x_wconf 82' lang='lat' dir='ltr'>Quam</span> <span class='ocrx_word' id='word_1_158' title='bbox 265 2399 386 2474; x_wconf 90' lang='lat' dir='ltr'>propter</span> <span class='ocrx_word' id='word_1_159' title='bbox 401 2399 498 2456; x_wconf 88' lang='lat' dir='ltr'>tantos</span> <span class='ocrx_word' id='word_1_160' title='bbox 513 2396 595 2476; x_wconf 88' lang='lat' dir='ltr'>potui</span> <span class='ocrx_word' id='word_1_161' title='bbox 609 2395 743 2477; x_wconf 87' lang='lat' dir='ltr'>perferre</span> <span class='ocrx_word' id='word_1_162' title='bbox 758 2394 885 2470; x_wconf 90' lang='lat' dir='ltr'>labores,</span> 
     </span>
    </p>

    <p class='ocr_par' dir='ltr' id='par_1_25' title="bbox 153 2474 899 2560">
     <span class='ocr_line' id='line_1_26' title="bbox 153 2474 899 2560; baseline 0.001 -23"><span class='ocrx_word' id='word_1_163' title='bbox 153 2474 196 2537; x_wconf 88' lang='lat' dir='ltr'>Et</span> <span class='ocrx_word' id='word_1_164' title='bbox 210 2476 302 2538; x_wconf 90' lang='lat' dir='ltr'>Pater</span> <span class='ocrx_word' id='word_1_165' title='bbox 317 2478 511 2559; x_wconf 90' lang='lat' dir='ltr'>omnipotens,</span> <span class='ocrx_word' id='word_1_166' title='bbox 527 2486 558 2541; x_wconf 88' lang='lat' dir='ltr'>et</span> <span class='ocrx_word' id='word_1_167' title='bbox 573 2486 607 2540; x_wconf 92' lang='lat' dir='ltr'>tu</span> <span class='ocrx_word' id='word_1_168' title='bbox 624 2478 765 2541; x_wconf 83' lang='lat' dir='ltr'>Saturnia</span> <span class='ocrx_word' id='word_1_169' title='bbox 780 2479 899 2560; x_wconf 89' lang='lat' dir='ltr'>conjux,</span> 
     </span>
    </p>

    <p class='ocr_par' dir='ltr' id='par_1_26' title="bbox 152 2559 1048 2646">
     <span class='ocr_line' id='line_1_27' title="bbox 152 2559 1048 2646; baseline 0.003 -24"><span class='ocrx_word' id='word_1_170' title='bbox 152 2560 174 2622; x_wconf 84' lang='lat' dir='ltr'><strong>J</strong></span> <span class='ocrx_word' id='word_1_171' title='bbox 176 2581 223 2623; x_wconf 88' lang='lat' dir='ltr'>am</span> <span class='ocrx_word' id='word_1_172' title='bbox 237 2560 350 2639; x_wconf 92' lang='lat' dir='ltr'>melior,</span> <span class='ocrx_word' id='word_1_173' title='bbox 360 2563 435 2645; x_wconf 88' lang='lat' dir='ltr'>jam,</span> <span class='ocrx_word' id='word_1_174' title='bbox 452 2564 531 2642; x_wconf 89' lang='lat' dir='ltr'>diva,</span> <span class='ocrx_word' id='word_1_175' title='bbox 546 2585 663 2646; x_wconf 87' lang='lat' dir='ltr'>precor,</span> <span class='ocrx_word' id='word_1_176' title='bbox 679 2571 772 2646; x_wconf 88' lang='lat' dir='ltr'>tuque</span> <span class='ocrx_word' id='word_1_177' title='bbox 786 2563 898 2645; x_wconf 87' lang='lat' dir='ltr'>inclyte</span> <span class='ocrx_word' id='word_1_178' title='bbox 914 2559 1048 2642; x_wconf 87' lang='lat' dir='ltr'>Mavors,</span> 
     </span>
    </p>

    <p class='ocr_par' dir='ltr' id='par_1_27' title="bbox 154 2645 982 2731">
     <span class='ocr_line' id='line_1_28' title="bbox 154 2645 982 2731; baseline 0.001 -25"><span class='ocrx_word' id='word_1_179' title='bbox 154 2645 271 2707; x_wconf 78' lang='lat' dir='ltr'>Cuncta</span> <span class='ocrx_word' id='word_1_180' title='bbox 285 2652 336 2707; x_wconf 90' lang='lat' dir='ltr'>tuo</span> <span class='ocrx_word' id='word_1_181' title='bbox 351 2647 403 2728; x_wconf 90' lang='lat' dir='ltr'>qui</span> <span class='ocrx_word' id='word_1_182' title='bbox 417 2649 505 2725; x_wconf 91' lang='lat' dir='ltr'>bella,</span> <span class='ocrx_word' id='word_1_183' title='bbox 522 2655 618 2731; x_wconf 87' lang='lat' dir='ltr'>pater,</span> <span class='ocrx_word' id='word_1_184' title='bbox 634 2649 688 2710; x_wconf 88' lang='lat' dir='ltr'>sub</span> <span class='ocrx_word' id='word_1_185' title='bbox 703 2648 823 2709; x_wconf 88' lang='lat' dir='ltr'>numine</span> <span class='ocrx_word' id='word_1_186' title='bbox 838 2653 960 2728; x_wconf 89' lang='lat' dir='ltr'>torques</span> <span class='ocrx_word' id='word_1_187' title='bbox 973 2666 982 2721; x_wconf 95' lang='lat'>;</span> 
     </span>
    </p>

    <p class='ocr_par' dir='ltr' id='par_1_28' title="bbox 152 2730 982 2818">
     <span class='ocr_line' id='line_1_29' title="bbox 152 2730 982 2818; baseline 0.005 -28"><span class='ocrx_word' id='word_1_188' title='bbox 152 2730 321 2812; x_wconf 89' lang='lat' dir='ltr'>Fontesque</span> <span class='ocrx_word' id='word_1_189' title='bbox 336 2731 515 2814; x_wconf 89' lang='lat' dir='ltr'>Fluviosque</span> <span class='ocrx_word' id='word_1_190' title='bbox 532 2754 615 2811; x_wconf 89' lang='lat' dir='ltr'>voco,</span> <span class='ocrx_word' id='word_1_191' title='bbox 631 2754 768 2815; x_wconf 90' lang='lat' dir='ltr'>quaeque</span> <span class='ocrx_word' id='word_1_192' title='bbox 784 2732 913 2818; x_wconf 79' lang='lat' dir='ltr'>aetheris</span> <span class='ocrx_word' id='word_1_193' title='bbox 928 2731 982 2794; x_wconf 91' lang='lat' dir='ltr'>alti</span> 
     </span>
    </p>

    <p class='ocr_par' dir='ltr' id='par_1_29' title="bbox 152 2815 918 2899">
     <span class='ocr_line' id='line_1_30' title="bbox 152 2815 918 2899; baseline 0.004 -25"><span class='ocrx_word' id='word_1_194' title='bbox 152 2815 280 2895; x_wconf 83' lang='lat' dir='ltr'>Religio,</span> <span class='ocrx_word' id='word_1_195' title='bbox 296 2822 327 2876; x_wconf 89' lang='lat' dir='ltr'>et</span> <span class='ocrx_word' id='word_1_196' title='bbox 342 2836 419 2896; x_wconf 91' lang='lat' dir='ltr'>quae</span> <span class='ocrx_word' id='word_1_197' title='bbox 435 2818 573 2879; x_wconf 88' lang='lat' dir='ltr'>caeruleo</span> <span class='ocrx_word' id='word_1_198' title='bbox 588 2826 658 2879; x_wconf 85' lang='lat' dir='ltr'>sunt</span> <span class='ocrx_word' id='word_1_199' title='bbox 672 2818 794 2879; x_wconf 89' lang='lat' dir='ltr'>numina</span> <span class='ocrx_word' id='word_1_200' title='bbox 808 2824 918 2899; x_wconf 91' lang='lat' dir='ltr'>ponto:</span> 
     </span>
    </p>

    <p class='ocr_par' dir='ltr' id='par_1_30' title="bbox 154 2897 816 2979">
     <span class='ocr_line' id='line_1_31' title="bbox 154 2897 816 2979; baseline 0.008 -20"><span class='ocrx_word' id='word_1_201' title='bbox 154 2897 285 2960; x_wconf 82' lang='lat' dir='ltr'>Cesserit</span> <span class='ocrx_word' id='word_1_202' title='bbox 300 2899 433 2962; x_wconf 91' lang='lat' dir='ltr'>Ausonio</span> <span class='ocrx_word' id='word_1_203' title='bbox 449 2901 473 2962; x_wconf 92' lang='lat' dir='ltr'>si</span> <span class='ocrx_word' id='word_1_204' title='bbox 488 2902 549 2963; x_wconf 85' lang='lat' dir='ltr'>fors</span> <span class='ocrx_word' id='word_1_205' title='bbox 565 2903 689 2964; x_wconf 86' lang='lat' dir='ltr'>victoria</span> <span class='ocrx_word' id='word_1_206' title='bbox 704 2903 816 2979; x_wconf 80' lang='lat' dir='ltr'>Turne,</span> 
     </span>
    </p>

    <p class='ocr_par' dir='ltr' id='par_1_31' title="bbox 154 2981 913 3062">
     <span class='ocr_line' id='line_1_32' title="bbox 154 2981 913 3062; baseline 0.004 -19"><span class='ocrx_word' id='word_1_207' title='bbox 154 2981 299 3045; x_wconf 80' lang='lat' dir='ltr'>Convenit</span> <span class='ocrx_word' id='word_1_208' title='bbox 314 2983 449 3046; x_wconf 82' lang='lat' dir='ltr'>Evandri</span> <span class='ocrx_word' id='word_1_209' title='bbox 465 2986 558 3048; x_wconf 89' lang='lat' dir='ltr'>victos</span> <span class='ocrx_word' id='word_1_210' title='bbox 574 2987 728 3049; x_wconf 90' lang='lat' dir='ltr'>discedere</span> <span class='ocrx_word' id='word_1_211' title='bbox 744 2987 782 3048; x_wconf 88' lang='lat' dir='ltr'>ad</span> <span class='ocrx_word' id='word_1_212' title='bbox 797 2986 913 3062; x_wconf 90' lang='lat' dir='ltr'>urbem,</span> 
     </span>
    </p>

    <p class='ocr_par' dir='ltr' id='par_1_32' title="bbox 154 3067 922 3154">
     <span class='ocr_line' id='line_1_33' title="bbox 154 3067 922 3154; baseline 0.004 -26"><span class='ocrx_word' id='word_1_213' title='bbox 154 3067 250 3129; x_wconf 82' lang='lat' dir='ltr'>Cedet</span> <span class='ocrx_word' id='word_1_214' title='bbox 264 3068 348 3131; x_wconf 91' lang='lat' dir='ltr'>Iulus</span> <span class='ocrx_word' id='word_1_215' title='bbox 364 3070 454 3150; x_wconf 85' lang='lat' dir='ltr'>agris,</span> <span class='ocrx_word' id='word_1_216' title='bbox 469 3091 526 3133; x_wconf 91' lang='lat' dir='ltr'>nec</span> <span class='ocrx_word' id='word_1_217' title='bbox 542 3077 609 3154; x_wconf 88' lang='lat' dir='ltr'>post</span> <span class='ocrx_word' id='word_1_218' title='bbox 624 3091 707 3132; x_wconf 89' lang='lat' dir='ltr'>arma</span> <span class='ocrx_word' id='word_1_219' title='bbox 720 3072 782 3132; x_wconf 89' lang='lat' dir='ltr'>ulla</span> <span class='ocrx_word' id='word_1_220' title='bbox 796 3071 922 3131; x_wconf 89' lang='lat' dir='ltr'>rebelles</span> 
     </span>
    </p>

    <p class='ocr_par' dir='ltr' id='par_1_33' title="bbox 152 3150 983 3237">
     <span class='ocr_line' id='line_1_34' title="bbox 152 3150 983 3237; baseline 0.002 -25"><span class='ocrx_word' id='word_1_221' title='bbox 152 3150 317 3215; x_wconf 89' lang='lat' dir='ltr'>Aeneadae</span> <span class='ocrx_word' id='word_1_222' title='bbox 334 3154 478 3232; x_wconf 87' lang='lat' dir='ltr'>referent,</span> <span class='ocrx_word' id='word_1_223' title='bbox 493 3156 610 3218; x_wconf 88' lang='lat' dir='ltr'>ferrove</span> <span class='ocrx_word' id='word_1_224' title='bbox 626 3156 699 3217; x_wconf 90' lang='lat' dir='ltr'>haec</span> <span class='ocrx_word' id='word_1_225' title='bbox 715 3175 810 3237; x_wconf 88' lang='lat' dir='ltr'>regna</span> <span class='ocrx_word' id='word_1_226' title='bbox 824 3156 983 3216; x_wconf 88' lang='lat' dir='ltr'>lacessent.</span> 
     </span>
    </p>

    <p class='ocr_par' dir='ltr' id='par_1_34' title="bbox 155 3236 969 3317">
     <span class='ocr_line' id='line_1_35' title="bbox 155 3236 969 3317; baseline -0.002 -17"><span class='ocrx_word' id='word_1_227' title='bbox 155 3236 208 3300; x_wconf 81' lang='lat' dir='ltr'>Sin</span> <span class='ocrx_word' id='word_1_228' title='bbox 222 3244 355 3298; x_wconf 89' lang='lat' dir='ltr'>nostrum</span> <span class='ocrx_word' id='word_1_229' title='bbox 370 3239 510 3300; x_wconf 90' lang='lat' dir='ltr'>adnuerit</span> <span class='ocrx_word' id='word_1_230' title='bbox 524 3241 606 3301; x_wconf 90' lang='lat' dir='ltr'>nobis</span> <span class='ocrx_word' id='word_1_231' title='bbox 620 3240 757 3303; x_wconf 84' lang='lat' dir='ltr'>Victoria</span> <span class='ocrx_word' id='word_1_232' title='bbox 772 3239 914 3317; x_wconf 88' lang='lat' dir='ltr'>Martem,</span> <span class='ocrx_word' id='word_1_233' title='bbox 925 3273 969 3284; x_wconf 91' lang='lat'><em>-</em></span> 
     </span>
    </p>

    <p class='ocr_par' dir='ltr' id='par_1_35' title="bbox 153 3322 928 3405">
     <span class='ocr_line' id='line_1_36' title="bbox 153 3322 928 3405; baseline -0.001 -20"><span class='ocrx_word' id='word_1_234' title='bbox 153 3323 199 3385; x_wconf 90' lang='lat' dir='ltr'>Ut</span> <span class='ocrx_word' id='word_1_235' title='bbox 213 3322 309 3403; x_wconf 90' lang='lat' dir='ltr'>potius</span> <span class='ocrx_word' id='word_1_236' title='bbox 324 3343 402 3399; x_wconf 90' lang='lat' dir='ltr'>reor,</span> <span class='ocrx_word' id='word_1_237' title='bbox 418 3330 449 3383; x_wconf 90' lang='lat' dir='ltr'>et</span> <span class='ocrx_word' id='word_1_238' title='bbox 463 3325 561 3405; x_wconf 87' lang='lat' dir='ltr'>potius</span> <span class='ocrx_word' id='word_1_239' title='bbox 576 3324 606 3384; x_wconf 89' lang='lat' dir='ltr'>di</span> <span class='ocrx_word' id='word_1_240' title='bbox 620 3325 741 3386; x_wconf 89' lang='lat' dir='ltr'>numine</span> <span class='ocrx_word' id='word_1_241' title='bbox 756 3325 875 3385; x_wconf 87' lang='lat' dir='ltr'>firment</span> <span class='ocrx_word' id='word_1_242' title='bbox 886 3357 928 3368; x_wconf 90' lang='lat'><em>-</em></span> 
     </span>
    </p>

    <p class='ocr_par' dir='ltr' id='par_1_36' title="bbox 154 3407 868 3490">
     <span class='ocr_line' id='line_1_37' title="bbox 154 3407 868 3490; baseline -0.001 -21"><span class='ocrx_word' id='word_1_243' title='bbox 154 3408 224 3470; x_wconf 91' lang='lat' dir='ltr'>Non</span> <span class='ocrx_word' id='word_1_244' title='bbox 241 3427 296 3487; x_wconf 88' lang='lat' dir='ltr'>ego</span> <span class='ocrx_word' id='word_1_245' title='bbox 311 3427 366 3468; x_wconf 92' lang='lat' dir='ltr'>nec</span> <span class='ocrx_word' id='word_1_246' title='bbox 382 3407 507 3468; x_wconf 79' lang='lat' dir='ltr'>Teucris</span> <span class='ocrx_word' id='word_1_247' title='bbox 521 3407 614 3468; x_wconf 88' lang='lat' dir='ltr'>Italos</span> <span class='ocrx_word' id='word_1_248' title='bbox 629 3429 734 3489; x_wconf 89' lang='lat' dir='ltr'>parere</span> <span class='ocrx_word' id='word_1_249' title='bbox 745 3407 868 3490; x_wconf 89' lang='lat' dir='ltr'>jubebo,</span> 
     </span>
    </p>

    <p class='ocr_par' dir='ltr' id='par_1_37' title="bbox 153 3489 962 3574">
     <span class='ocr_line' id='line_1_38' title="bbox 153 3489 962 3574; baseline -0.004 -20"><span class='ocrx_word' id='word_1_250' title='bbox 153 3493 221 3554; x_wconf 90' lang='lat' dir='ltr'>Nec</span> <span class='ocrx_word' id='word_1_251' title='bbox 236 3491 307 3552; x_wconf 90' lang='lat' dir='ltr'>mihi</span> <span class='ocrx_word' id='word_1_252' title='bbox 322 3512 416 3572; x_wconf 89' lang='lat' dir='ltr'>regna</span> <span class='ocrx_word' id='word_1_253' title='bbox 431 3497 520 3573; x_wconf 90' lang='lat' dir='ltr'>peto;</span> <span class='ocrx_word' id='word_1_254' title='bbox 543 3492 664 3574; x_wconf 91' lang='lat' dir='ltr'>paribus</span> <span class='ocrx_word' id='word_1_255' title='bbox 679 3514 711 3554; x_wconf 91' lang='lat' dir='ltr'>se</span> <span class='ocrx_word' id='word_1_256' title='bbox 727 3492 842 3573; x_wconf 85' lang='lat' dir='ltr'>legibus</span> <span class='ocrx_word' id='word_1_257' title='bbox 858 3489 962 3552; x_wconf 87' lang='lat' dir='ltr'>ambae</span> 
     </span>
    </p>

    <p class='ocr_par' dir='ltr' id='par_1_38' title="bbox 76 3577 875 3660">
     <span class='ocr_line' id='line_1_39' title="bbox 76 3577 875 3660; baseline -0.004 -21"><span class='ocrx_word' id='word_1_258' title='bbox 76 3636 85 3660; x_wconf 36' lang='lat' dir='ltr'>x</span> <span class='ocrx_word' id='word_1_259' title='bbox 154 3577 289 3639; x_wconf 84' lang='lat' dir='ltr'>Invictae</span> <span class='ocrx_word' id='word_1_260' title='bbox 306 3584 411 3656; x_wconf 84' lang='lat' dir='ltr'>gentes</span> <span class='ocrx_word' id='word_1_261' title='bbox 426 3582 550 3639; x_wconf 90' lang='lat' dir='ltr'>aeterna</span> <span class='ocrx_word' id='word_1_262' title='bbox 564 3577 595 3637; x_wconf 92' lang='lat' dir='ltr'>in</span> <span class='ocrx_word' id='word_1_263' title='bbox 610 3577 732 3639; x_wconf 87' lang='lat' dir='ltr'>foedera</span> <span class='ocrx_word' id='word_1_264' title='bbox 745 3577 875 3637; x_wconf 88' lang='lat' dir='ltr'>mittant.</span> 
     </span>
    </p>

    <p class='ocr_par' dir='ltr' id='par_1_39' title="bbox 157 3659 988 3743">
     <span class='ocr_line' id='line_1_40' title="bbox 157 3659 988 3743; baseline -0.004 -20"><span class='ocrx_word' id='word_1_265' title='bbox 157 3660 251 3723; x_wconf 83' lang='lat' dir='ltr'>Sacra</span> <span class='ocrx_word' id='word_1_266' title='bbox 265 3660 395 3743; x_wconf 88' lang='lat' dir='ltr'>deosque</span> <span class='ocrx_word' id='word_1_267' title='bbox 411 3660 488 3723; x_wconf 93' lang='lat' dir='ltr'>dabo</span> <span class='ocrx_word' id='word_1_268' title='bbox 502 3681 510 3736; x_wconf 92' lang='grc'>;</span> <span class='ocrx_word' id='word_1_269' title='bbox 531 3681 615 3723; x_wconf 89' lang='lat' dir='ltr'>socer</span> <span class='ocrx_word' id='word_1_270' title='bbox 630 3683 713 3723; x_wconf 88' lang='lat' dir='ltr'>arma</span> <span class='ocrx_word' id='word_1_271' title='bbox 727 3661 852 3722; x_wconf 88' lang='lat' dir='ltr'>Latinus</span> <span class='ocrx_word' id='word_1_272' title='bbox 868 3659 988 3736; x_wconf 90' lang='lat' dir='ltr'>habeto,</span> 
     </span>
    </p>

    <p class='ocr_par' dir='ltr' id='par_1_40' title="bbox 155 3743 933 3828">
     <span class='ocr_line' id='line_1_41' title="bbox 155 3743 933 3828; baseline -0.003 -22"><span class='ocrx_word' id='word_1_273' title='bbox 155 3745 318 3828; x_wconf 87' lang='lat' dir='ltr'>Imperium</span> <span class='ocrx_word' id='word_1_274' title='bbox 333 3747 462 3808; x_wconf 89' lang='lat' dir='ltr'>solemne</span> <span class='ocrx_word' id='word_1_275' title='bbox 478 3766 563 3808; x_wconf 90' lang='lat' dir='ltr'>socer</span> <span class='ocrx_word' id='word_1_276' title='bbox 577 3766 585 3821; x_wconf 95' lang='lat'>;</span> <span class='ocrx_word' id='word_1_277' title='bbox 608 3747 679 3808; x_wconf 91' lang='lat' dir='ltr'>mihi</span> <span class='ocrx_word' id='word_1_278' title='bbox 693 3745 809 3807; x_wconf 87' lang='lat' dir='ltr'>moenia</span> <span class='ocrx_word' id='word_1_279' title='bbox 824 3743 933 3805; x_wconf 82' lang='lat' dir='ltr'>Teucri</span> 
     </span>
    </p>
   </div>
   <div class='ocr_carea' id='block_1_3' title="bbox 0 0 1252 4334">
    <p class='ocr_par' dir='ltr' id='par_1_41' title="bbox 0 0 1252 4334">
     <span class='ocr_line' id='line_1_42' title="bbox 0 0 1252 4334; baseline 0 0"><span class='ocrx_word' id='word_1_280' title='bbox 0 0 1252 4334; x_wconf 95' lang='lat' dir='ltr'> </span> 
     </span>
    </p>
   </div>
  </div>
 </body>
</html>
