2496 4334
465 293 625 340 assumes
648 294 713 339 nra.
737 293 799 340 ΧΠ.
1082 279 1143 342 313

107 443 307 525 Constituent,
322 445 449 526 urbique
466 445 549 508 dabit
562 445 689 508 Lavinia
703 467 820 509 nomen.

106 529 157 592 Sic
173 531 253 613 prior
267 531 389 593 Aeneas
402 550 410 606 3
434 531 569 612 sequitur
583 532 625 593 sic
641 531 748 593 deinde
763 533 900 611 Latinus,
1097 554 1143 603 195

107 614 279 697 Suspiciens
295 617 421 694 coelum,
436 616 592 697 tenditque
608 616 647 677 ad
662 616 762 678 sidera
777 617 933 679 dextram:

105 699 193 762 Haec
208 700 325 779 eadem,
341 699 460 777 Aenea,
475 699 610 777 Terram,
626 700 725 778 Mare,
743 699 860 779 Sidera,
872 702 954 784 juro,

105 783 297 867 Latonaeque
314 806 408 866 genus
424 784 545 866 duplex,
559 785 581 847 J
583 806 731 867 anumque
748 786 918 865 bifrontem,

105 868 236 951 Vimque
252 870 341 932 deum
355 870 501 932 infernam
517 875 549 932 et
563 870 630 931 duri
645 870 776 932 sacraria
789 871 869 933 Ditis
883 890 891 945 ;

105 953 221 1015 Audiat
234 954 308 1016 haec
326 953 462 1032 Genitor,
478 955 530 1036 qui
544 953 666 1016 foedera
679 955 801 1016 fulmine
817 955 923 1018 sancit.
1097 977 1144 1025 aaa

105 1037 209 1119 Tango
224 1059 302 1116 aras,
317 1039 429 1101 medios
444 1039 529 1120 ignes
544 1045 575 1100 et
585 1038 707 1100 numina
721 1045 832 1102 testor:

105 1122 199 1186 Nulla
213 1123 277 1186 dies
292 1144 397 1206 pacem
411 1125 488 1185 hanc
504 1124 590 1185 Italis
603 1143 660 1185 nec
675 1123 797 1186 foedera
811 1131 942 1207 rumpet,

105 1205 172 1279 Quo
186 1229 235 1270 res
250 1229 378 1290 cumque
391 1208 500 1270 cadent
512 1228 521 1283 3
544 1229 599 1270 nec
616 1228 663 1269 me
678 1208 799 1270 visulla
814 1211 964 1274 volentem

104 1292 256 1368 Avertet3
278 1314 349 1371 non,
364 1293 389 1354 si
404 1294 542 1356 tellurem
557 1292 690 1354 effundat
704 1293 735 1354 in
749 1293 856 1372 undas,

104 1377 225 1441 Diluvio
239 1378 377 1455 miscens,
393 1378 568 1459 coelumque
584 1378 616 1439 in
630 1377 757 1439 Tartara
771 1379 887 1442 solvat:
1095 1401 1143 1449 aas

105 1461 150 1523 Ut
165 1469 316 1545 sceptrum
330 1463 386 1524 hoc
400 1497 441 1508 -
452 1462 560 1525 dextra
576 1468 728 1543 sceptrum
744 1483 814 1525 nam
826 1463 903 1528 forte
919 1464 1045 1546 gerebat
1058 1501 1098 1512 -

104 1545 277 1629 Numquam
292 1547 397 1609 fronde
412 1547 471 1609 leri
485 1547 593 1609 frmdet
608 1547 738 1628 virgulta
751 1568 807 1609 nec
823 1549 955 1628 umbras,

104 1628 204 1702 Quum
219 1634 310 1695 semel
324 1632 356 1692 in
370 1632 450 1693 silvis
464 1633 523 1694 imo
538 1631 576 1694 de
592 1631 683 1713 stirpe
698 1633 827 1694 recisum

103 1714 203 1778 Matre
220 1723 313 1795 caret,
328 1714 485 1798 posuitque
501 1737 600 1778 comas
615 1723 646 1778 et
659 1717 782 1779 brachia
797 1716 896 1794 ferro;

105 1799 184 1863 Olim
199 1802 306 1877 arbos3
328 1822 407 1864 nuno
423 1802 544 1864 artificis
558 1822 664 1863 manus
679 1821 749 1863 aere
765 1801 872 1865 decoro
1094 1828 1141 1876 210

102 1885 241 1965 Inclusit,
255 1887 449 1969 patribusque
465 1886 549 1949 dedit
564 1893 683 1967 gestare
699 1885 824 1950 Latinis.

103 1971 225 2033 Talibus
239 1971 318 2034 inter
332 1991 363 2032 se
378 1972 537 2034 firmbant
547 1970 670 2034 foedera
687 1970 774 2033 dictis

104 2053 274 2138 Conspectu
288 2056 319 2117 in
332 2056 430 2119 medio
446 2076 603 2139 procerum
616 2075 625 2131 ;
648 2061 712 2117 tum
726 2056 783 2118 rite
798 2063 932 2121 sacratas
971 2124 974 2129 ,

102 2139 140 2202 ln
154 2142 303 2203 flammam
312 2141 454 2224 jugulant
468 2140 611 2224 pecudes,
627 2146 658 2202 et
673 2141 788 2203 viscera
809 2141 883 2204 vivis

102 2225 253 2308 Eripiunt,
269 2226 480 2307 cumulantque
496 2225 625 2287 oneratis
639 2225 773 2287 lancibus
788 2246 865 2288 aras.

143 2309 189 2373 At
204 2331 275 2373 vcro
291 2310 411 2372 Rutulis
425 2311 521 2392 impar
536 2330 573 2373 ea
587 2329 689 2391 pugna
703 2310 799 2372 videri

99 2393 123 2456 J
124 2395 286 2457 amdudum
301 2401 332 2456 et
346 2395 427 2457 vario
441 2395 559 2456 misceri
573 2401 696 2476 pectora
709 2402 803 2472 motu,

101 2479 176 2542 Tum
191 2480 298 2561 magis,
313 2485 348 2541 ut
362 2480 484 2562 propius
499 2485 627 2541 cernunt
640 2501 701 2542 non
714 2480 825 2542 viribus
841 2479 955 2563 aequis.

100 2562 369 2648 Adjuvatincessu
384 2565 475 2626 tacite
492 2584 667 2646 progressus
682 2570 714 2626 et
729 2585 811 2626 aram

102 2648 285 2732 Suppliciter
299 2669 445 2712 venerans
461 2649 587 2711 demisso
601 2649 712 2710 lumine
731 2648 862 2727 Turnus,

100 2733 309 2815 Tabcntesque
326 2755 420 2815 genae
436 2740 468 2796 et
477 2734 612 2816 juvenali
626 2733 657 2794 in
672 2753 794 2816 corpore
808 2734 914 2816 pallor.

101 2816 197 2890 Quem
212 2819 347 2881 simulac
362 2818 384 2880 J
386 2825 495 2880 uturna
510 2838 594 2880 soror
608 2818 797 2880 crebrescere
813 2818 887 2880 vidit

102 2901 286 2982 Sermonem,
302 2910 334 2965 et
347 2905 429 2985 vulgi
444 2904 559 2966 variare
574 2903 706 2966 labantia
720 2904 823 2981 corda,

99 2986 137 3048 In
151 2989 265 3050 medias
280 2989 370 3066 acies,
385 2990 509 3051 formam
524 2989 695 3051 assimulata
712 2987 854 3064 Camerti,

100 3071 158 3134 Oui
173 3093 268 3154 genus
284 3093 302 3135 a
316 3074 432 3154 proavis
447 3074 553 3154 ingens
569 3074 741 3155 clarumque
756 3079 899 3154 paternae

99 3157 218 3219 Nomen
234 3163 300 3219 erat
312 3158 442 3236 virtutis,
458 3158 566 3240 etipse
582 3157 744 3219 acerrimus
759 3157 858 3233 armis,

98 3241 137 3302 In
150 3241 264 3303 medias
279 3241 332 3304 dat
345 3262 411 3304 sese
427 3242 517 3319 acies,
532 3241 613 3303 haud
628 3242 729 3304 nescia
743 3261 855 3319 rerum,

99 3325 305 3407 Rumoresque
320 3326 393 3388 serit
407 3326 515 3403 varios,
531 3345 566 3387 ac
581 3326 653 3387 talia
666 3325 768 3388 fatur:

98 3409 131 3470 N
132 3431 169 3471 on
184 3410 287 3492 pudet,
303 3430 320 3472 o
335 3409 451 3488 Rutuli,
466 3430 520 3491 pro
535 3410 650 3472 cunctis
665 3411 772 3472 talibus
787 3430 878 3471 unam

99 3493 259 3578 Objectare
272 3493 425 3556 animam?
470 3493 642 3556 Numerone
659 3515 698 3557 an
713 3494 824 3557 viribus
839 3492 928 3575 aequi

98 3578 169 3641 Non
183 3600 284 3641 sumus
298 3577 310 3640 l
356 3579 415 3656 En,
431 3598 531 3641 omnes
547 3584 578 3639 et
593 3578 686 3640 Troes
698 3585 729 3640 et
742 3577 882 3640 Arcades
896 3577 927 3638 hi
941 3582 1024 3656 sunt,

97 3663 269 3746 Fatalisque
284 3684 401 3742 manus,
417 3663 533 3725 infensa
548 3663 672 3725 Etruria
687 3663 798 3725 Turno.

96 3747 158 3812 Vix
172 3749 299 3827 hostem,
314 3748 421 3810 alterni
436 3747 714 3894 {qaengrediamun
729 3746 883 3809 habemus.
