2496 4334
105 222 169 288 174
437 241 467 289 Ρ.
491 240 636 287 vrnomn
664 239 811 287 nunonis

102 392 274 458 Ascanius!
299 391 426 456 Galeam
441 381 619 477 antepedes
632 394 758 477 projecit
772 394 903 474 inanem,

104 477 171 551 Qua
185 478 256 541 ludo
270 478 392 542 indutus
406 479 477 540 belli
492 479 650 541 simulacra
665 480 773 542 ciebat.

102 564 266 626 Accelerat
280 565 367 625 simul
381 565 515 642 Aeneas,
531 565 618 627 simul
633 565 753 646 agmina
768 566 927 629 Teucrum.

102 649 163 711 Ast
177 650 244 710 illae
261 649 379 712 diversa
393 656 476 711 metu
491 670 546 732 per
559 650 647 712 litora
662 651 772 732 passim

102 734 281 816 Diffugiunt,
297 735 457 817 silvasque,
473 741 504 796 et
519 735 613 797 sicubi
628 755 760 797 concava
774 736 877 798 furtim

105 817 195 896 Saxa,
210 825 337 901 petunt:
361 820 445 902 piget
459 820 581 902 incepti,
596 820 731 902 lucisque
745 841 753 896 ;
776 843 920 904 suosque·
1042 874 1049 885 .

102 903 239 966 Mutatae
255 911 431 986 agnoscunt,
447 925 631 988 excussaque
646 912 767 987 pectore
782 906 804 968 J
805 929 864 970 uno
879 913 935 970 est.

104 988 165 1052 Sed
180 1012 240 1052 non
255 990 366 1052 idcirco
380 991 515 1052 fiammae
532 997 622 1072 atque
637 991 775 1053 incendia
790 993 869 1055 vires

101 1074 266 1137 Indomitos
281 1096 427 1158 posuere:
450 1075 510 1138 udo
525 1077 580 1138 sub
595 1076 700 1138 robore
716 1076 790 1139 vivit

103 1159 219 1244 Stuppa
234 1182 354 1223 vomens
369 1160 489 1223 tardum
502 1161 628 1239 fumum,
642 1163 801 1244 lentusque
817 1163 934 1226 carinas

102 1245 158 1308 Est
173 1267 276 1328 vapor,
292 1253 323 1308 et
338 1253 400 1309 toto
416 1246 571 1309 descendit
586 1266 708 1328 corpore
722 1246 815 1329 pestis
829 1267 837 1320 ;

101 1330 168 1393 Nec
184 1332 262 1394 vires
276 1332 400 1394 heroum
414 1331 571 1414 infusaque
586 1330 708 1394 flumina
721 1339 855 1414 prosunt.

100 1415 177 1478 Turn
191 1417 257 1498 pius
273 1416 395 1480 Aeneas
409 1417 541 1480 humeris
556 1416 730 1480 abscindere
746 1424 872 1498 vestem,

99 1501 280 1585 Auxilioque
297 1523 403 1566 vocare
420 1503 501 1582 deos,
518 1501 688 1565 attendere
703 1503 837 1585 palmas:

99 1586 221 1669 Jupiter
235 1587 429 1670 omnipotens,
446 1587 471 1650 si
485 1588 616 1650 nondum
631 1608 738 1650 exosus
752 1588 791 1651 ad
805 1611 899 1651 unum

100 1672 253 1754 Trojanos‚
269 1673 294 1735 si
309 1673 381 1755 quid
396 1673 491 1756 pietas
506 1672 630 1756 antiqua
643 1673 760 1736 labores

100 1756 235 1839 Respicit
248 1759 402 1837 humanos,
418 1758 458 1821 da
471 1759 620 1821 flammam
635 1758 763 1821 evadere
780 1757 866 1821 classi

100 1841 203 1922 Nunc,
218 1844 321 1922 Pater,
337 1849 368 1906 et
384 1850 489 1906 tenues
505 1844 654 1906 Teucrum
669 1864 718 1906 res
733 1843 814 1926 eripe
828 1844 900 1905 leto.

99 1927 161 1991 Vel
175 1935 220 2006 tu,
236 1929 315 2011 quod
330 1935 477 2011 superest,
492 1929 600 1992 infesto
613 1929 737 1991 fulmine
754 1929 854 2008 morti,

102 2010 134 2074 si
148 2035 275 2092 mereor,
290 2015 425 2094 demitte,
441 2021 552 2098 tuaque
567 2015 615 2076 hic
632 2015 723 2076 obrue
739 2013 855 2076 dextra.

99 2097 161 2160 Vix
174 2100 249 2163 haec
266 2100 411 2179 ediderat,
427 2121 519 2182 quum
533 2100 632 2162 effusis
647 2099 790 2162 imbribus
805 2105 871 2161 atra

99 2182 273 2268 Tempestas
290 2187 353 2248 sine
369 2207 449 2248 more
464 2185 548 2263 furit,
563 2186 734 2267 tonitruque
752 2185 928 2247 tremiscunt

98 2268 208 2332 Ardua
222 2276 371 2332 terrarum
385 2277 416 2333 ct
431 2271 528 2353 campi
541 2291 549 2345 ;
572 2271 633 2332 ruit
648 2272 770 2332 aethere
785 2277 847 2333 toto

99 2355 248 2417 Turbidus
263 2355 358 2417 imber
372 2376 450 2439 aqua
465 2356 623 2437 densisque
640 2356 818 2438 nigerrimus
834 2354 942 2417 austris
955 2372 964 2430 ;

99 2439 325 2524 Implenturque
341 2463 431 2524 super
445 2463 560 2523 puppes
572 2460 580 2515 ;
604 2441 746 2503 semiusta
759 2441 936 2503 madescunt

98 2525 218 2588 Robora
231 2547 239 2602 ;
262 2527 421 2589 restinctus
437 2526 530 2589 donec
546 2547 639 2608 vapor
654 2526 758 2604 omnis,
774 2532 806 2587 et
821 2545 933 2602 ornnes,

99 2609 234 2683 Quatuor
248 2613 373 2690 amissis,
389 2618 526 2674 servatae
541 2633 560 2673 a
574 2617 658 2694 peste
674 2611 804 2672 carinae.

140 2696 187 2758 At
201 2704 288 2779 pater
298 2699 431 2775 Aeneas,
447 2718 519 2759 casu
535 2717 694 2760 concussus
710 2697 829 2775 acerbo,

98 2780 188 2844 Nunc
199 2783 258 2846 huc
273 2783 421 2864 ingentes,
436 2803 515 2844 nunc
530 2783 600 2844 illuc
616 2789 736 2865 pectore
752 2801 839 2843 curas

97 2866 238 2930 Mutabat
253 2889 385 2945 versans,
403 2866 549 2930 Siculisne
564 2867 710 2929 resideret
725 2866 814 2945 arvis,

100 2950 217 3014 Oblitus
232 2954 371 3032 fatorum,
387 2952 519 3015 italasnc
534 2958 705 3034 capesseret
719 2972 795 3014 oras.

98 3038 173 3099 Turn
190 3039 287 3100 senior
302 3038 431 3116 Nautes,
446 3060 539 3100 unum
554 3037 687 3100 Tritonia
701 3037 802 3098 Pallas

98 3122 194 3196 Quem
209 3124 310 3186 docuit
323 3126 476 3205 multaque
491 3123 638 3205 insignem
652 3121 783 3184 reddidit
798 3126 874 3199 arte,

97 3208 184 3270 Haec
200 3230 341 3291 responsa
356 3210 457 3287 dabat,
473 3210 521 3270 vel
536 3229 613 3290 quae
629 3207 821 3290 portenderet
834 3207 880 3267 ira

96 3293 212 3375 Magna
226 3295 326 3372 deum,
342 3295 390 3357 vel
405 3314 482 3376 quae
498 3294 627 3356 fatorum
641 3298 777 3375 posceret
792 3291 874 3354 ordo.

97 3379 188 3461 Isque
203 3379 249 3440 his
264 3380 401 3441 Aeneam
416 3380 527 3441 solatus
541 3379 662 3442 vocibus
678 3378 762 3440 infit:

97 3465 178 3527 Nate
194 3465 262 3542 dea,
278 3486 336 3547 quo
351 3465 415 3527 fata
429 3464 553 3526 trahunt
566 3465 793 3545 retrahuntqne,
808 3479 969 3544 sequamur
981 3478 990 3535 ;

98 3550 250 3633 Quidquid
264 3551 332 3629 erit,
349 3549 519 3632 superanda
533 3550 627 3612 omnis
641 3550 761 3611 fortuna
774 3547 899 3609 ferendo
914 3550 969 3607 est.

97 3635 154 3697 Est
168 3636 222 3697 tibi
237 3636 407 3698 Dardanius
423 3635 540 3697 dinnao
556 3634 655 3716 stirpis
670 3634 819 3695 Acestes:

97 3720 189 3783 Hunc
204 3741 278 3804 cape
294 3722 421 3785 consiliis
436 3720 548 3784 socium
563 3726 595 3782 et
609 3720 756 3802 conjunge
772 3718 930 3782 volentem.
