2496 4334
399 305 566 352 acconen.
612 304 735 351 ECLOGA
757 304 803 352 VI.

459 714 782 788 SILENUS.

516 915 731 969 annonari.
777 895 783 907 ⁴

98 1067 211 1129 PRIMA
227 1063 388 1149 Syracosio
403 1063 526 1145 dignata
540 1069 587 1126 est
600 1063 705 1126 ludere
720 1084 812 1126 versu

98 1151 224 1229 Nostra,
238 1171 338 1233 neque
355 1149 475 1212 erubuit
489 1149 578 1212 silvas
592 1149 739 1227 habitare,
755 1149 871 1212 Thalia.

100 1236 201 1310 Quum
217 1257 359 1298 canerem
372 1255 460 1316 reges
476 1240 507 1297 et
521 1236 644 1318 proelia,
661 1232 809 1316 Cynthius
824 1255 928 1297 aurem

97 1321 206 1400 Vellit,
221 1327 254 1384 et
268 1321 439 1383 admonuit:
464 1320 631 1398 Pastorem,
646 1319 761 1402 Tityre,
777 1320 904 1402 pingues

97 1407 230 1470 Poscere
246 1412 364 1490 oportet
380 1427 461 1485 oves,
478 1405 641 1468 deductum
655 1405 755 1467 dicere
772 1425 904 1468 carmen.
1127 1427 1144 1475 5

97 1493 190 1556 Nunc
207 1513 318 1574 ego-
329 1512 459 1574 namque
474 1512 565 1573 super
579 1490 633 1552 tibi
649 1496 748 1569 erunt,
764 1492 816 1573 qui
831 1491 932 1554 dicere
947 1491 1065 1571 laudes,

98 1577 196 1657 Vane,
210 1584 279 1640 tuas
295 1577 428 1661 cupiant,
445 1582 476 1639 et
491 1577 588 1639 tristia
603 1575 731 1638 condere
745 1577 825 1638 bella
835 1611 878 1623 -

98 1663 264 1746 Agrestem
278 1663 363 1725 tenui
376 1662 543 1724 meditabor
558 1661 704 1724 anmdine
720 1661 850 1724 Musam.

98 1749 170 1812 Non
184 1749 298 1832 injussa
313 1769 398 1810 cano.
445 1745 560 1830 Siquis
575 1753 676 1809 tamen
690 1747 765 1809 haec
781 1767 913 1830 quoque,
928 1747 954 1809 si
968 1748 1035 1834 quis

98 1833 213 1918 Captus
229 1854 330 1896 amore
345 1835 448 1916 leget:
473 1838 503 1895 te
518 1838 650 1910 nostrae,
665 1830 761 1911 Vare,
776 1834 921 1916 myricae,
1112 1855 1143 1903 10

99 1920 140 1983 Te
157 1940 263 1982 nemus
278 1940 366 1982 omne
384 1924 493 1996 canet3
515 1939 573 1980 neo
589 1917 710 1980 Phoebo
726 1918 840 2000 gratior
853 1919 915 1981 ulla
930 1925 988 2000 est,

101 2003 198 2078 Quam
212 2003 269 2067 sibi
283 2024 361 2087 quae
376 2003 453 2066 Vari
468 2002 660 2087 praescripsit
675 2004 785 2086 pagina
799 2024 917 2066 nomen.

139 2090 278 2173 Pergite‚
293 2089 440 2151 Pierides.
486 2088 621 2151 Chromis
638 2094 669 2151 et
683 2088 838 2173 Mnasylos
852 2089 884 2150 in
898 2095 984 2153 antro

102 2173 235 2239 Silenum
249 2174 336 2259 pueri
349 2195 450 2237 somno
465 2173 567 2237 videre
577 2175 742 2258 jacentem,

99 2260 242 2325 lnllatum
254 2262 395 2323 hesterno
410 2280 513 2338 venas,
528 2265 563 2322 ut
578 2281 706 2342 semper,
721 2260 843 2323 Iaccho.

102 2344 190 2410 Serta
203 2347 318 2430 procul,
333 2350 451 2408 tantmn
466 2345 557 2428 capiti
572 2345 705 2428 delapsa,
717 2346 860 2428 jacebant
873 2368 882 2425 ;

100 2431 141 2495 Et
155 2432 256 2515 gravis
272 2431 376 2495 attrita
390 2430 542 2514 pendebat
556 2431 718 2493 cantharus
733 2452 816 2494 ansa.

99 2517 248 2600 Adgressi
260 2554 300 2564 -
311 2537 382 2578 nam
397 2537 486 2598 saepe
502 2537 595 2579 senex
609 2537 662 2599 spe
678 2517 816 2580 carminis
833 2516 919 2580 ambo

100 2599 281 2666 Luserat-
290 2602 428 2686 injiciunt
441 2602 512 2685 ipsis
528 2623 565 2664 ex
579 2601 699 2664 vincula
714 2602 811 2664 sertis.

100 2688 197 2751 Addit
212 2710 244 2751 se
259 2688 370 2751 sociam
383 2688 553 2770 timidisque
569 2688 742 2770 supervenit
756 2686 868 2769 Aegle,

100 2773 209 2857 Aegle,
225 2773 380 2836 Naiadum
393 2773 594 2855 pulcherrima
607 2793 615 2848 ;
633 2772 756 2856 jamque
772 2772 886 2836 videnti

102 2857 280 2942 Sanguineis
295 2860 425 2921 frontem
438 2859 528 2921 moris
544 2864 575 2920 et
589 2865 725 2940 tempora
739 2859 846 2940 pingit.

99 2943 153 3007 Ille
170 2945 272 3008 dolum
286 2944 399 3022 ridens,
416 2943 482 3017 Quo
497 2945 617 3007 vincula
630 2942 775 3006 nectitis?
797 2943 905 3026 iuquit.

102 3027 214 3092 Solvite
229 3051 289 3108 me,
304 3030 413 3113 pucri3
436 3030 508 3092 satis
523 3035 570 3092 est
584 3031 714 3112 potuisse
730 3029 834 3091 videri.

100 3113 251 3193 Sannina,
268 3136 345 3198 quae
361 3115 462 3193 vultis,
478 3116 648 3196 cognoscite
662 3135 670 3190 ;
694 3115 826 3176 caunina
841 3113 935 3191 vobis,

100 3199 178 3264 Huic
195 3201 278 3264 aliud
292 3200 440 3262 mercedis
455 3201 513 3262 erit
525 3221 533 3274 ;
556 3201 644 3262 simul
657 3200 763 3281 incipit
778 3200 852 3281 ipse.

101 3284 175 3348 Pum
190 3286 309 3349 veroin
323 3307 481 3347 numerum
495 3285 675 3367 Faunosque
691 3285 830 3366 ferasque
846 3284 965 3347 videres

100 3369 229 3450 Ludere,
245 3377 310 3433 tum
324 3370 438 3452 rigidas
448 3378 562 3433 motare
579 3370 734 3432 cacumina
749 3388 897 3452 quercus3

101 3455 165 3519 Nec
180 3464 301 3519 tantum
316 3456 437 3518 Phoebo
453 3456 566 3538 gaudet
581 3455 727 3517 Parnasia
742 3477 831 3538 rupes
845 3476 853 3531 ;

101 3539 164 3605 Nec
179 3549 300 3605 tantum
313 3542 458 3623 Rhodope
473 3543 619 3604 mirantur
634 3548 665 3603 et
680 3541 814 3603 Ismarus
831 3538 963 3623 Orphea.

102 3625 239 3710 Namque
256 3628 396 3705 canebat,
411 3627 456 3688 uti
470 3647 613 3708 magnum
628 3647 682 3709 per
695 3626 783 3688 inane
800 3632 905 3688 coacta

104 3709 221 3776 Semina
237 3720 448 3794 terrarumque
465 3713 641 3794 animaeque
656 3713 807 3794 marisque
822 3711 961 3789 fuissent,

103 3795 141 3860 Et
153 3799 260 3883 liquidi
275 3799 364 3862 simul
376 3798 454 3945 ignssis
468 3818 476 3876 ;
498 3804 534 3860 ut
547 3798 593 3861 his
609 3798 731 3861 exordia
744 3797 847 3881 primis
