2496 4334
98 235 161 300 164
437 251 466 295 r.
479 249 632 296 -vrucrmr
653 247 797 295 umerus

98 405 201 480 Qualis
217 425 306 486 saepe
321 403 386 465 viae
402 403 566 486 deprensus
581 403 613 464 in
628 423 739 485 aggere
755 422 888 484 serpens,

96 492 200 554 Aerea
214 511 303 573 quem
317 489 468 570 obliquum
483 496 549 551 rota
563 489 692 566 transiit,
707 494 760 550 aut
774 487 873 569 gravis
888 486 953 548 ictu

99 576 285 639 Seminecem
299 574 386 656 liquit
401 595 471 636 saxo
492 575 685 655 lacerumque
700 573 814 648 viat0r;

96 661 310 743 Nequidquam
323 660 428 740 longos
442 659 561 740 fugiens
577 659 630 720 dat
645 679 768 739 corpore
783 663 890 736 tortus,

96 746 188 809 Parte
206 746 300 822 ferox,
316 743 483 826 ardensque
500 744 603 822 oculis,
619 750 650 805 et
665 744 750 805 sibila
763 743 838 804 colla

95 831 221 894 Arduus
237 831 394 904 attollens3
416 850 486 911 pars
503 830 626 891 vulnere
642 829 750 890 clauda
765 831 896 890 retentat
940 870 944 885 .

96 916 128 978 N
129 922 268 979 errantem
281 913 377 992 nodis,
393 935 484 996 seque
499 914 531 976 in
545 935 601 977 sua
613 913 746 980 membra
760 913 930 997 phcantem.

95 1001 162 1064 Tali
177 1000 300 1082 remigio
314 999 398 1062 navis
414 1020 445 1062 se
460 999 549 1062 tarda
563 1000 720 1074 movebat3

95 1086 175 1150 Vela
189 1086 262 1148 facit
275 1092 388 1163 tamen,
405 1091 436 1146 et
450 1085 523 1147 velis
538 1084 618 1146 subit
632 1084 708 1146 ostia
721 1082 827 1165 plenis.

98 1170 272 1253 Sergestum
287 1169 409 1232 Aeneas
424 1170 566 1251 promisso
581 1190 704 1231 munere
720 1168 822 1245 donat,

98 1255 255 1319 Servatam
270 1255 307 1317 ob
322 1275 430 1316 navem
443 1255 541 1316 laetus
557 1255 710 1336 sociosque
725 1253 876 1317 reductos.

97 1340 157 1404 Olli
171 1362 261 1404 serva
275 1340 375 1417 datur,
391 1360 514 1421 operum
527 1339 609 1401 haud
624 1340 728 1421 ignara
743 1337 910 1414 Minervae,

96 1426 206 1502 Cressa
220 1446 326 1508 genus,
342 1424 465 1503 Pholoe,
482 1425 651 1507 geminique
668 1425 721 1486 sub
736 1424 829 1485 ubere
843 1422 917 1485 nati.

138 1511 206 1573 Hoc
222 1511 287 1593 pius
301 1510 423 1572 Aeneas
437 1509 526 1572 misso
539 1510 702 1573 certamine
717 1509 815 1571 tendit

97 1595 290 1659 Gramineum
304 1595 335 1656 in
352 1616 501 1676 campum,
517 1615 606 1677 quem
621 1595 743 1658 collibus
758 1594 889 1676 undique
905 1589 1004 1654 curvis

98 1680 265 1763 (lingebant
280 1680 383 1758 silvae,
397 1680 556 1762 mediaque
570 1681 602 1743 in
617 1681 693 1743 valle
709 1680 819 1742 theatri

98 1765 202 1828 Circus
218 1772 304 1841 erat3
328 1787 386 1848 quo
402 1786 434 1827 se
449 1766 550 1827 multis
565 1787 632 1828 oum
648 1765 775 1828 millibus
790 1765 877 1826 heros

99 1851 248 1914 Consessu
261 1852 393 1913 medium
408 1851 477 1912 tuht
491 1857 703 1933 exstructoque
718 1851 838 1912 resedit.

98 1936 170 2015 Hic,
185 1937 236 2018 qui
250 1936 327 2000 forte
343 1936 436 1998 velint
451 1936 554 2019 rapido
570 1936 751 2000 contendere
766 1956 867 2015 cursu,

97 2022 210 2084 Invitat
225 2022 327 2105 pretiis
342 2021 465 2099 animos,
481 2029 512 2084 et
525 2023 658 2105 praemia
672 2021 764 2104 ponit.

97 2107 239 2190 Undique
256 2108 436 2169 conveniunt
450 2107 570 2186 Teucri,
584 2107 728 2189 mixtique
746 2103 865 2180 Sicani;

97 2192 191 2256 Nisus
206 2200 237 2255 et
253 2193 403 2276 Euryalus
417 2193 523 2276 primi:

98 2278 248 2361 Euryalus
263 2278 357 2341 forma
370 2278 493 2361 insignis
509 2277 655 2360 viridique
665 2278 803 2360 juventa,

97 2364 190 2426 Nisus
207 2384 305 2426 amore
321 2363 369 2446 pio
383 2364 488 2445 pueri3
513 2384 586 2445 quos
602 2363 709 2424 deinde
725 2366 845 2424 secutus

97 2449 212 2530 Regius
228 2450 350 2531 egregia
365 2449 477 2511 Priami
492 2448 530 2510 de
545 2449 637 2530 stirpe
653 2448 761 2509 Diores
775 2467 782 2522 ;

97 2533 189 2596 Hunc
207 2533 315 2612 Salius,
331 2535 417 2596 simul
433 2541 464 2596 et
479 2533 602 2611 Patron,
614 2554 740 2615 quorum
755 2532 832 2594 alter
845 2531 1001 2607 Acarnan,

6 2623 11 2634 '
97 2619 187 2681 Alter
202 2620 239 2681 ab
255 2619 388 2681 Arcadio
403 2620 559 2701 Tegeaeae
575 2619 718 2700 sanguine
734 2617 851 2699 gentis;

98 2704 175 2766 Tum
190 2704 248 2765 duo
263 2705 408 2766 Trinacrii
415 2705 553 2787 juvenes,
566 2704 715 2785 Helymus
734 2703 942 2784 Panopesque,

98 2788 222 2851 Assueti
236 2789 327 2868 silvis,
343 2789 464 2852 comites
479 2789 602 2851 senioris
616 2788 749 2851 Acestae
761 2807 770 2864 3

97 2873 188 2936 Multi
203 2882 372 2957 praeterea,
389 2895 462 2957 quos
476 2875 556 2936 fama
573 2874 698 2936 obscura
712 2871 857 2936 recondit.

97 2959 219 3021 Aeneas
236 2960 342 3042 quibus
355 2960 387 3021 in
401 2959 506 3021 mediis
521 2959 563 3021 sic
580 2959 687 3021 deinde
702 2959 839 3021 locutus:

97 3045 237 3127 Accipite
251 3045 325 3107 haec
342 3045 457 3123 animis,
472 3046 625 3126 laetasque
642 3044 788 3106 advertite
803 3048 929 3105 mentes·

98 3130 196 3192 Nemo
212 3152 248 3192 ex
264 3131 320 3192 hoc
336 3152 460 3193 numero
474 3131 545 3192 mihi
560 3151 619 3191 non
634 3129 760 3192 donatus
773 3129 877 3193 abibit.

100 3214 211 3278 Gnosia
225 3215 295 3278 bina
309 3216 385 3277 dabo
396 3216 495 3278 levato
508 3215 609 3278 lucida
622 3215 702 3278 ferro

102 3298 223 3382 Spicula
238 3301 443 3382 caelatamque
460 3307 585 3383 argento
599 3302 679 3363 ferre
693 3300 872 3384 bipennem:

101 3383 245 3447 Omnibus
260 3385 308 3447 hic
324 3386 382 3448 erit
396 3407 473 3448 unus
487 3387 589 3449 honos.
636 3387 710 3449 Tres
725 3386 857 3469 praemia
871 3384 958 3469 primi

99 3471 271 3553 Accipient,
285 3472 422 3553 flavaque
438 3478 528 3554 caput
541 3478 701 3534 nectentur
716 3472 812 3534 oliva:

99 3555 217 3619 Primus
233 3578 344 3639 equum
355 3557 483 3638 phaleris
497 3558 644 3638 insignem
659 3558 753 3619 victor
767 3556 897 3631 habet0;

99 3641 190 3705 Alter
204 3641 398 3704 Amazoniam
413 3642 584 3724 pharetram
599 3643 776 3724 plenamque
792 3641 907 3724 sagittis

100 3725 256 3807 Threiciis,
269 3729 330 3791 lato
346 3748 435 3810 quam
451 3727 703 3809 circumplectitur
718 3748 790 3790 auro
