2496 4334
103 278 167 343 132
439 301 468 345 r.
493 298 635 346 mnarum
656 299 801 347 uraours

102 450 161 513 llla
174 458 296 515 manent
310 451 430 515 immota
444 452 528 532 locis,
542 473 641 536 neque
657 453 694 516 ab
709 454 812 518 ordine
828 454 949 517 cedunt.

103 535 220 599 Verum
235 538 351 616 eadem,
366 558 452 599 verso
467 539 565 600 tenuis
581 560 672 620 quum
688 539 809 602 cardine
825 546 934 602 ventus

102 620 236 705 Impuht,
252 629 284 685 et
298 629 417 684 teneras
433 623 566 685 turbavit
575 625 671 706 janua
686 624 817 703 frondes,

102 706 266 790 Nunquam
281 707 388 770 deinde
404 727 477 770 cavo
492 708 646 771 volitantia
659 709 806 790 prendere
821 729 904 788 saxo,

102 790 169 854 Nec
183 813 323 854 revocare
339 793 424 871 situs,
440 797 493 855 aut
502 794 632 876 jungere
649 794 781 858 carmina
795 799 892 858 curat.

101 875 267 939 inconsulti
281 879 402 956 abeunt,
418 879 579 961 sedemque
595 877 685 941 odere
703 877 844 963 Sibyllae.

101 961 161 1024 Hic
177 963 230 1024 tibi
244 984 282 1024 ne
297 983 358 1045 qua
370 983 471 1025 morae
485 963 599 1026 fuerint
614 963 770 1045 dispendia
784 965 861 1027 tanti
873 1001 917 1011 —-

102 1044 243 1118 Quamvis
258 1047 438 1130 increpitent
452 1048 534 1127 socii,
551 1055 582 1110 et
596 1049 627 1112 vi
642 1069 746 1112 cursus
760 1050 792 1111 in
807 1051 901 1112 altum

100 1130 180 1195 Vela
191 1139 292 1211 vocet,
307 1133 459 1216 possisque
475 1135 557 1196 sinus
572 1133 693 1216 implere
710 1135 866 1214 secundos,
878 1170 922 1182 -

101 1214 181 1288 Quin
195 1218 285 1280 adeas
300 1224 410 1297 vatem,
425 1219 623 1301 precibusque
639 1220 760 1281 oracula
774 1240 889 1302 poscas.

100 1301 171 1384 Ipsa
187 1310 285 1382 canat,
301 1324 464 1386 vocemque
478 1305 581 1366 volens
597 1311 688 1385 atque
703 1325 756 1366 ora
769 1306 910 1368 resolvat.

99 1386 158 1449 Illa
172 1388 226 1450 tibi
240 1388 347 1451 Italiae
362 1389 496 1472 populos,
511 1395 698 1470 venturaque
713 1389 803 1468 bella,

99 1472 141 1533 Et
156 1494 214 1555 quo
230 1494 378 1556 quemque
393 1473 480 1536 modo
494 1474 653 1556 fugiasque
668 1475 808 1557 ferasque
823 1474 967 1554 laborem,

99 1557 250 1640 Expediet
262 1578 270 1634 ;
293 1578 458 1641 cursusque
475 1558 559 1621 dabit
573 1564 717 1622 venerata
731 1557 887 1621 secundos.

99 1642 186 1704 Haec
202 1649 282 1723 sunt,
298 1664 375 1726 quae
390 1649 492 1706 nostra
504 1644 595 1707 liceat
610 1650 640 1706 to
656 1664 728 1707 voce
743 1644 866 1706 moneri.

98 1727 187 1790 Vade
203 1749 271 1811 age,
289 1735 321 1791 et
333 1729 488 1810 ingentem
501 1729 589 1791 factis
603 1729 650 1791 scr
666 1729 704 1792 ad
719 1729 843 1792 aethera
857 1727 987 1811 Trojam.

142 1811 226 1887 Quae
241 1820 399 1897 postquam
413 1820 497 1876 vates
512 1815 554 1877 sic
569 1834 620 1876 ore
636 1815 742 1878 effatus
757 1813 852 1877 amico
867 1819 924 1892 est,

98 1898 186 1962 Dona
201 1899 307 1961 dehinc
323 1919 396 1961 auro
411 1899 515 1980 gravia
529 1904 670 1982 sectoque
685 1899 843 1983 elephanto

97 1983 233 2066 Imperat
247 1984 286 2047 ad
300 2003 392 2047 naves
408 1984 492 2063 ferri,
508 1984 657 2067 stipatque
674 1984 781 2047 carinis

98 2068 210 2150 Ingens
225 2075 393 2151 argentum,
409 2069 647 2151 Dodonaeosque
662 2066 787 2147 lebetas,

98 2153 235 2217 Loricam
249 2160 416 2217 consertam
430 2154 525 2216 hamis
540 2175 672 2237 auroque
687 2154 825 2233 trilicem,

97 2237 140 2299 Et
154 2259 261 2301 conum
275 2238 398 2320 insignis
413 2240 529 2321 galeae,
545 2239 708 2322 cristasque
724 2244 888 2317 comantes,

97 2322 194 2386 Arma
207 2323 407 2406 Neoptolemi.
454 2321 532 2386 Sunt
547 2330 578 2386 et
592 2344 646 2387 sua
661 2325 739 2387 dona
753 2324 882 2407 parenti.

96 2407 195 2470 Addit
209 2429 312 2491 equos,
328 2408 471 2491 additque
486 2409 578 2472 duces
592 2429 600 2484 ;

96 2493 267 2576 Remigium
282 2494 401 2577 supplet
413 2513 421 2569 3
445 2494 537 2557 socios
552 2494 639 2556 simul
652 2493 774 2556 instruit
788 2493 888 2555 armis.

140 2579 264 2641 Interea
282 2580 406 2641 classem
421 2579 494 2642 velis
510 2586 613 2661 aptare
624 2579 751 2662 jubebat

96 2662 257 2741 Anchises,
272 2664 360 2725 fieret
374 2670 462 2726 vento
476 2684 560 2726 mora
573 2685 611 2725 ne
627 2684 687 2746 qua
701 2663 819 2726 ferenti.

98 2747 194 2820 Quem
209 2749 323 2811 Phoebi
337 2749 485 2830 interpres
500 2749 592 2810 multo
608 2749 766 2830 compellat
778 2748 910 2810 honore:

98 2833 254 2916 Oonjugio,
269 2833 414 2911 Anchisa,
429 2833 558 2897 Veneris
573 2833 696 2914 dignate
711 2833 850 2914 superbo,

98 2917 180 2980 Oura
194 2918 294 2996 deum,
308 2917 354 2980 bis
369 2917 542 2999 Pergameis
558 2924 660 3000 erepte
675 2917 779 2996 urinis,

97 3003 178 3065 Ecce
194 3003 248 3065 tibi
261 3002 414 3065 Ausoniae
430 3002 538 3064 tellus:
560 3003 638 3064 hanc
654 3002 752 3085 arripe
767 3000 851 3063 velis.

97 3088 139 3151 Et
154 3095 254 3150 tamen
267 3089 345 3149 hanc
361 3088 467 3169 pelago
482 3087 703 3169 praeterlabare
718 3106 841 3148 necesse
857 3090 925 3146 est:

97 3172 250 3234 Ausoniae
264 3193 334 3254 pars
348 3172 399 3234 illa
414 3173 517 3253 procul
532 3193 621 3254 quam
635 3171 740 3253 pandit
757 3171 877 3252 Apelle.

97 3257 197 3335 Vade,
213 3257 265 3334 ait,
281 3277 298 3319 o
312 3257 383 3318 felix
397 3257 461 3318 nati
475 3256 586 3338 pietate
602 3256 609 3320 ἱ
655 3254 735 3328 Quid
749 3256 829 3317 ultra

97 3343 260 3419 Provehor,
277 3347 308 3402 et
322 3340 412 3402 fando
427 3347 584 3422 surgentes
600 3341 736 3402 demoror
751 3337 892 3402 austros?

97 3427 165 3489 Nec
179 3427 276 3488 minus
292 3425 515 3504 Andromache,
532 3425 668 3507 digressu
683 3433 798 3487 maesta
813 3443 962 3507 supremo,

97 3512 171 3574 Fert
185 3513 350 3595 picturatas
366 3511 431 3572 auri
445 3511 610 3572 subtemine
626 3516 737 3589 vestes,

98 3597 139 3658 Et
153 3597 317 3680 Phrygiam
333 3595 464 3658 Ascanio
480 3594 668 3678 chlamydem
681 3614 689 3670 3
712 3615 768 3657 uec
785 3593 866 3656 cedit
881 3589 986 3653 honori
999 3610 1007 3666 ;

98 3681 320 3763 Textihbusque
336 3686 441 3743 onerat
455 3679 550 3758 donis,
567 3700 601 3741 ac
617 3680 690 3742 talia
703 3680 805 3742 satur:
1090 3693 1138 3741 485

97 3763 214 3849 Accipe
229 3773 261 3829 et
274 3767 362 3844 haec,
376 3784 518 3827 manuum
532 3764 586 3826 tibi
600 3785 678 3846 quae
692 3767 884 3827 monumenta
897 3779 1032 3823 mearum
