2496 4334
143 271 205 337 260
477 292 507 338 r.
531 290 673 338 vraemrr
693 291 838 340 nuncius

142 440 185 505 Et
198 442 327 506 mediam
341 442 422 506 ferro
436 443 556 525 gemina
570 444 649 508 inter
663 450 798 528 tempora
811 446 941 510 frontem

142 527 271 607 Dividit,
285 528 479 611 impubesque
493 527 614 591 immani
628 531 750 592 vulnere
765 532 869 595 malas.

141 610 193 674 Fit
207 634 315 676 sonus:
338 613 453 694 ingenti
467 633 611 677 concussa
625 619 672 677 est
685 614 816 697 pondere
831 617 929 680 tellus.

144 696 295 780 Collapsos
311 705 394 760 artus
409 704 500 780 atque
517 718 600 762 arma
615 705 740 762 cruenta
755 700 877 763 cerebro

145 779 259 844 Sternit
272 783 354 845 humi
367 783 507 861 moriens,
523 790 613 866 atque
628 783 670 846 illi
685 784 819 866 partibus
834 785 937 868 aequis

142 860 214 929 Huc
230 875 321 951 caput
335 874 426 950 atqm
440 868 510 930 illuc
524 867 648 931 humero
664 889 700 931 ex
714 867 1012 954 utroque‘pependit.

142 951 311 1034 Diffugiunt
325 953 403 1016 versi
418 952 537 1036 trepida
549 953 705 1016 formidine
720 955 834 1017 Trois:
948 957 949 962 ’

142 1036 184 1098 Et
198 1037 224 1100 si
238 1038 376 1100 continuo
391 1038 535 1100 victorem
550 1059 587 1102 ea
602 1059 675 1101 cura
689 1039 827 1118 subisset,

141 1121 294 1205 Rumpere
309 1125 439 1186 claustra
453 1144 545 1185 manu
559 1123 711 1207 sociosque
726 1124 885 1186 immittere
901 1123 1005 1208 portis,

142 1206 273 1270 Ultimus
287 1208 336 1270 ille
352 1207 415 1270 dies
429 1207 507 1270 bello
522 1208 663 1290 gentique
678 1207 795 1271 fuisset.

144 1290 206 1355 Sed
220 1292 303 1355 furor
317 1292 473 1355 ardentem
488 1292 647 1375 caedisque
661 1293 766 1357 insana
781 1293 887 1377 cupido

143 1377 216 1459 Egit
229 1377 261 1439 in
275 1377 426 1440 adversos.

142 1461 293 1544 Principio
308 1462 460 1525 Phalerim
475 1467 517 1541 et,
532 1461 647 1525 succiso
660 1463 783 1545 poplite,
800 1460 910 1546 Gygen

142 1545 263 1630 Excipit
275 1567 284 1624 ;
306 1547 375 1610 hine
390 1553 492 1630 raptas
506 1547 688 1629 fugientibus
702 1548 813 1630 ingerit
826 1548 928 1610 hastas

142 1631 181 1693 In
195 1637 333 1713 tergum:
357 1632 379 1695 J
380 1654 440 1695 uno
454 1631 532 1694 vires
548 1631 736 1715 animumque
750 1632 909 1695 ministrat.

142 1714 240 1778 Addit
254 1715 368 1800 Halym
383 1717 519 1780 comitem
534 1722 566 1781 et
580 1718 696 1779 confixa
710 1716 834 1800 Phegea
847 1737 964 1800 parma,

142 1800 268 1883 Ignaros
284 1801 392 1864 deinde
407 1801 439 1863 in
452 1801 544 1864 muris
558 1801 749 1885 Martemque
768 1803 880 1865 cientes

141 1885 387 1969 Alcandrumque
403 1886 586 1969 Haliumque
602 1886 818 1970 Noimonaque
833 1886 1060 1971 Prytanimque.

142 1970 266 2053 Lyncea
280 1972 452 2034 tendentem
467 1977 570 2035 conha
584 1971 737 2054 sociosque
751 1977 908 2035 vocantem

142 2054 281 2119 Vibranti
297 2057 397 2139 gladio
412 2056 554 2120 connixus
569 2058 607 2118 ab
622 2077 733 2138 aggere
749 2056 855 2119 dexter

143 2140 301 2224 Occupat:
324 2142 393 2205 huie
408 2163 468 2205 uno
482 2142 633 2223 dejectum
650 2141 813 2204 comminus
827 2141 890 2204 ictu

143 2225 220 2288 Cum
235 2227 322 2307 galea
335 2228 424 2308 longe
434 2226 532 2309 jacuit
546 2231 647 2308 caput.
692 2226 769 2288 Inde
784 2227 915 2289 ferarum

141 2310 334 2373 Vastatorem
348 2310 510 2395 Amycum,
526 2331 585 2392 quo
600 2332 660 2372 non
673 2310 787 2374 felicior
802 2312 878 2373 alter
959 2363 964 2378 ,

141 2394 286 2477 Unguere
302 2398 362 2458 tela
376 2417 465 2458 manu
479 2397 651 2478 ferrumque
667 2417 783 2459 armare
798 2417 923 2474 veneno,

141 2480 184 2544 Et
200 2480 332 2565 Clytium
345 2481 505 2560 Aeoliden,
520 2487 551 2542 et
566 2481 693 2543 amicum
710 2481 839 2543 Crethea
854 2481 962 2559 Musis,
1002 2475 1005 2479 ’

144 2565 274 2628 Crethea
287 2565 443 2628 Musarum
458 2566 606 2644 comitem,
622 2566 671 2628 cui
686 2565 817 2628 carmina
831 2587 949 2648 semper

142 2650 185 2713 Et
199 2651 331 2713 citharae
347 2651 440 2729 cordi,
454 2671 652 2732 numerosque
667 2651 823 2713 intendere
841 2650 941 2712 nervis
955 2669 963 2725 ;

40 2767 44 2773 ·
144 2734 269 2818 Semper
284 2756 375 2817 equos
391 2742 482 2819 atque
497 2756 580 2797 arma
594 2736 691 2797 virum
705 2755 880 2818 pugnasque
897 2735 1033 2797 canebat.

184 2820 320 2892 Tandem
333 2820 483 2898 ductores,
499 2820 601 2882 audita
616 2820 708 2882 caede
726 2840 857 2898 suorum,
1080 2829 1086 2841 ’

143 2904 331 2968 Conveniunt
346 2906 465 2983 Teucri,
482 2904 659 2966 Mnestheus
674 2925 803 2987 acerque
822 2903 971 2981 Serestus,

141 2990 342 3072 Palentesque
357 2989 461 3053 vident
475 2989 568 3052 socios
583 2989 758 3072 hostemque
777 2995 941 3071 receptum.

141 3076 183 3138 Et
197 3075 385 3154 Mnestheus,
402 3074 467 3148 Quo
482 3074 590 3136 deinde
605 3074 719 3156 fugam,
735 3096 794 3156 quo
809 3072 954 3136 tenditis?
977 3073 1084 3156 inquit.

141 3159 222 3231 Quos
237 3161 308 3223 ahos
323 3181 433 3239 muros,
449 3181 526 3242 quae
537 3160 601 3243 jam
616 3161 695 3221 ultra
709 3159 826 3221 moenia
841 3157 983 3220 habetis?

140 3243 229 3306 Unus
243 3244 341 3324 homo,
356 3251 388 3306 et
402 3245 519 3322 vestris,
535 3265 552 3306 o
567 3244 658 3320 cives,
673 3244 804 3326 undique
820 3250 922 3324 septus

139 3328 323 3410 Aggeribus,
339 3335 438 3391 tantas
453 3336 569 3409 strages
583 3329 703 3411 impune
718 3350 773 3412 per
787 3328 893 3389 urbem

139 3413 303 3477 Ediderit?
321 3415 467 3497 juvenum
483 3414 591 3496 primos
606 3420 651 3476 tot
664 3414 779 3476 miserit
796 3412 901 3476 Orco?

139 3499 210 3564 Non
224 3500 350 3563 infelicis
365 3499 479 3583 patriae
495 3505 691 3581 veterumque
710 3499 834 3561 deorum

139 3583 181 3647 Et
194 3585 296 3667 magni
310 3585 435 3647 Aeneae
452 3605 559 3667 segnes
573 3584 753 3665 miseretque
769 3583 921 3666 pudetque
936 3582 950 3644 ‘l

139 3670 260 3732 Talibus
275 3671 395 3733 accensi
408 3671 576 3747 firmantur,
592 3675 623 3730 et
638 3670 755 3750 agmine
772 3668 864 3731 denso

140 3752 321 3818 Consistunt.
367 3755 485 3818 Turnus
499 3754 653 3840 paullatim
668 3753 814 3816 excedere
830 3774 944 3839 pugna,
