<?xml version="1.0" encoding="UTF-8"?>
<!DOCTYPE html PUBLIC "-//W3C//DTD XHTML 1.0 Transitional//EN"
    "http://www.w3.org/TR/xhtml1/DTD/xhtml1-transitional.dtd">
<html xmlns="http://www.w3.org/1999/xhtml" xml:lang="en" lang="en">
 <head>
  <title>
</title>
<meta http-equiv="Content-Type" content="text/html;charset=utf-8" />
  <meta name='ocr-system' content='tesseract 3.04.00' />
  <meta name='ocr-capabilities' content='ocr_page ocr_carea ocr_par ocr_line ocrx_word'/>
</head>
<body>
  <div class='ocr_page' id='page_1' title='image "./bucolicsgeorgic00virggoog_0194.png"; bbox 0 0 2496 4334; ppageno 0'>
   <div class='ocr_carea' id='block_1_1' title="bbox 435 306 750 353">
    <p class='ocr_par' dir='ltr' id='par_1_1' title="bbox 435 306 750 353">
     <span class='ocr_line' id='line_1_1' title="bbox 435 306 750 353; baseline 0 0"><span class='ocrx_word' id='word_1_1' title='bbox 435 306 593 353; x_wconf 77' lang='lat' dir='ltr'>AHNEIDOS</span> <span class='ocrx_word' id='word_1_2' title='bbox 615 307 680 353; x_wconf 78' lang='lat' dir='ltr'>ma.</span> <span class='ocrx_word' id='word_1_3' title='bbox 703 308 750 353; x_wconf 75' lang='lat' dir='ltr'>vt.</span> 
     </span>
    </p>
   </div>
   <div class='ocr_carea' id='block_1_2' title="bbox 78 458 1115 3317">
    <p class='ocr_par' dir='ltr' id='par_1_2' title="bbox 78 458 823 629">
     <span class='ocr_line' id='line_1_2' title="bbox 81 458 823 544; baseline 0 -21"><span class='ocrx_word' id='word_1_4' title='bbox 81 458 133 523; x_wconf 85' lang='lat' dir='ltr'>Sic</span> <span class='ocrx_word' id='word_1_5' title='bbox 148 459 268 522; x_wconf 93' lang='lat' dir='ltr'>demum</span> <span class='ocrx_word' id='word_1_6' title='bbox 281 462 364 524; x_wconf 89' lang='lat' dir='ltr'>lucos</span> <span class='ocrx_word' id='word_1_7' title='bbox 381 460 484 544; x_wconf 83' lang='lat' dir='ltr'>Stygis</span> <span class='ocrx_word' id='word_1_8' title='bbox 500 468 531 523; x_wconf 90' lang='lat' dir='ltr'>et</span> <span class='ocrx_word' id='word_1_9' title='bbox 545 482 640 542; x_wconf 86' lang='lat' dir='ltr'>regna</span> <span class='ocrx_word' id='word_1_10' title='bbox 653 460 733 522; x_wconf 88' lang='lat' dir='ltr'>invia</span> <span class='ocrx_word' id='word_1_11' title='bbox 748 460 823 523; x_wconf 84' lang='lat' dir='ltr'>vivis</span> 
     </span>
     <span class='ocr_line' id='line_1_3' title="bbox 78 545 803 629; baseline 0 -22"><span class='ocrx_word' id='word_1_12' title='bbox 78 545 250 628; x_wconf 88' lang='lat' dir='ltr'>Adspicies.</span> <span class='ocrx_word' id='word_1_13' title='bbox 295 545 389 625; x_wconf 86' lang='lat' dir='ltr'>Dixit,</span> <span class='ocrx_word' id='word_1_14' title='bbox 405 568 565 629; x_wconf 85' lang='lat' dir='ltr'>pressoque</span> <span class='ocrx_word' id='word_1_15' title='bbox 581 546 727 607; x_wconf 85' lang='lat' dir='ltr'>obmutuit</span> <span class='ocrx_word' id='word_1_16' title='bbox 742 566 803 607; x_wconf 88' lang='lat' dir='ltr'>ore.</span> 
     </span>
    </p>

    <p class='ocr_par' dir='ltr' id='par_1_3' title="bbox 79 630 1115 3317">
     <span class='ocr_line' id='line_1_4' title="bbox 123 630 723 693; baseline 0.002 -2"><span class='ocrx_word' id='word_1_17' title='bbox 123 630 245 693; x_wconf 85' lang='lat' dir='ltr'>Aeneas</span> <span class='ocrx_word' id='word_1_18' title='bbox 259 639 372 693; x_wconf 88' lang='lat' dir='ltr'>maesto</span> <span class='ocrx_word' id='word_1_19' title='bbox 387 632 502 693; x_wconf 83' lang='lat' dir='ltr'>defixus</span> <span class='ocrx_word' id='word_1_20' title='bbox 516 632 628 692; x_wconf 90' lang='lat' dir='ltr'>lumina</span> <span class='ocrx_word' id='word_1_21' title='bbox 639 631 723 692; x_wconf 89' lang='lat' dir='ltr'>vultu</span> 
     </span>
     <span class='ocr_line' id='line_1_5' title="bbox 80 714 886 798; baseline 0.002 -23"><span class='ocrx_word' id='word_1_22' title='bbox 80 714 265 796; x_wconf 77' lang='lat' dir='ltr'>Ingreditur,</span> <span class='ocrx_word' id='word_1_23' title='bbox 280 716 415 798; x_wconf 90' lang='lat' dir='ltr'>linquens</span> <span class='ocrx_word' id='word_1_24' title='bbox 430 723 570 790; x_wconf 88' lang='lat' dir='ltr'>antrum;</span> <span class='ocrx_word' id='word_1_25' title='bbox 593 735 757 796; x_wconf 89' lang='lat' dir='ltr'>caecosque</span> <span class='ocrx_word' id='word_1_26' title='bbox 773 716 886 777; x_wconf 88' lang='lat' dir='ltr'>volutat</span> 
     </span>
     <span class='ocr_line' id='line_1_6' title="bbox 81 799 796 863; baseline 0.003 -3"><span class='ocrx_word' id='word_1_27' title='bbox 81 799 216 861; x_wconf 88' lang='lat' dir='ltr'>Eventus</span> <span class='ocrx_word' id='word_1_28' title='bbox 231 800 326 861; x_wconf 88' lang='lat' dir='ltr'>animo</span> <span class='ocrx_word' id='word_1_29' title='bbox 341 821 452 863; x_wconf 88' lang='lat' dir='ltr'>secum.</span> <span class='ocrx_word' id='word_1_30' title='bbox 498 799 555 862; x_wconf 83' lang='lat' dir='ltr'>Oui</span> <span class='ocrx_word' id='word_1_31' title='bbox 569 800 646 862; x_wconf 91' lang='lat' dir='ltr'>fidus</span> <span class='ocrx_word' id='word_1_32' title='bbox 661 801 796 862; x_wconf 86' lang='lat' dir='ltr'>Achates</span> 
     </span>
     <span class='ocr_line' id='line_1_7' title="bbox 80 883 742 968; baseline 0 -24"><span class='ocrx_word' id='word_1_33' title='bbox 80 883 112 944; x_wconf 87' lang='lat' dir='ltr'>It</span> <span class='ocrx_word' id='word_1_34' title='bbox 127 904 235 962; x_wconf 89' lang='lat' dir='ltr'>comes,</span> <span class='ocrx_word' id='word_1_35' title='bbox 251 891 282 946; x_wconf 96' lang='lat' dir='ltr'>et</span> <span class='ocrx_word' id='word_1_36' title='bbox 297 886 416 966; x_wconf 88' lang='lat' dir='ltr'>paribus</span> <span class='ocrx_word' id='word_1_37' title='bbox 432 885 511 947; x_wconf 88' lang='lat' dir='ltr'>euris</span> <span class='ocrx_word' id='word_1_38' title='bbox 526 886 653 966; x_wconf 64' lang='lat' dir='ltr'>vestigia</span> <span class='ocrx_word' id='word_1_39' title='bbox 666 885 742 968; x_wconf 88' lang='lat' dir='ltr'>figit.</span> 
     </span>
     <span class='ocr_line' id='line_1_8' title="bbox 79 967 1115 1046; baseline 0.006 -17"><span class='ocrx_word' id='word_1_40' title='bbox 79 967 180 1030; x_wconf 90' lang='lat' dir='ltr'>Multa</span> <span class='ocrx_word' id='word_1_41' title='bbox 193 969 272 1030; x_wconf 90' lang='lat' dir='ltr'>inter</span> <span class='ocrx_word' id='word_1_42' title='bbox 286 990 350 1032; x_wconf 89' lang='lat' dir='ltr'>sese</span> <span class='ocrx_word' id='word_1_43' title='bbox 366 970 447 1032; x_wconf 84' lang='lat' dir='ltr'>vario</span> <span class='ocrx_word' id='word_1_44' title='bbox 463 990 597 1032; x_wconf 89' lang='lat' dir='ltr'>sermone</span> <span class='ocrx_word' id='word_1_45' title='bbox 609 969 756 1046; x_wconf 86' lang='lat' dir='ltr'>ferebant,</span> <span class='ocrx_word' id='word_1_46' title='bbox 1069 987 1115 1036; x_wconf 85' lang='lat'>160</span> 
     </span>
     <span class='ocr_line' id='line_1_9' title="bbox 81 1051 1010 1135; baseline -0.001 -21"><span class='ocrx_word' id='word_1_47' title='bbox 81 1051 178 1123; x_wconf 82' lang='lat' dir='ltr'>Quem</span> <span class='ocrx_word' id='word_1_48' title='bbox 193 1054 304 1115; x_wconf 90' lang='lat' dir='ltr'>socium</span> <span class='ocrx_word' id='word_1_49' title='bbox 319 1056 486 1116; x_wconf 83' lang='lat' dir='ltr'>exanimum</span> <span class='ocrx_word' id='word_1_50' title='bbox 501 1061 596 1132; x_wconf 87' lang='lat' dir='ltr'>vates,</span> <span class='ocrx_word' id='word_1_51' title='bbox 612 1053 690 1135; x_wconf 83' lang='lat' dir='ltr'>quod</span> <span class='ocrx_word' id='word_1_52' title='bbox 706 1072 813 1134; x_wconf 89' lang='lat' dir='ltr'>corpus</span> <span class='ocrx_word' id='word_1_53' title='bbox 827 1051 1010 1114; x_wconf 87' lang='lat' dir='ltr'>humandum</span> 
     </span>
     <span class='ocr_line' id='line_1_10' title="bbox 81 1137 838 1220; baseline 0 -22"><span class='ocrx_word' id='word_1_54' title='bbox 81 1137 216 1199; x_wconf 80' lang='lat' dir='ltr'>Dicer&#39;et.</span> <span class='ocrx_word' id='word_1_55' title='bbox 259 1138 364 1220; x_wconf 81' lang='lat' dir='ltr'>Atque</span> <span class='ocrx_word' id='word_1_56' title='bbox 379 1140 421 1200; x_wconf 87' lang='lat' dir='ltr'>illi</span> <span class='ocrx_word' id='word_1_57' title='bbox 436 1138 588 1200; x_wconf 83' lang='lat' dir='ltr'>Misenum</span> <span class='ocrx_word' id='word_1_58' title='bbox 602 1139 633 1199; x_wconf 92' lang='lat' dir='ltr'>in</span> <span class='ocrx_word' id='word_1_59' title='bbox 647 1138 733 1199; x_wconf 89' lang='lat' dir='ltr'>litore</span> <span class='ocrx_word' id='word_1_60' title='bbox 748 1137 838 1215; x_wconf 85' lang='lat' dir='ltr'>sicce,</span> 
     </span>
     <span class='ocr_line' id='line_1_11' title="bbox 80 1221 826 1304; baseline 0.001 -22"><span class='ocrx_word' id='word_1_61' title='bbox 80 1221 125 1283; x_wconf 90' lang='lat' dir='ltr'>Ut</span> <span class='ocrx_word' id='word_1_62' title='bbox 140 1243 259 1300; x_wconf 87' lang='lat' dir='ltr'>venere,</span> <span class='ocrx_word' id='word_1_63' title='bbox 275 1223 515 1304; x_wconf 86' lang='lat' dir='ltr'>vident-indigna</span> <span class='ocrx_word' id='word_1_64' title='bbox 528 1229 622 1285; x_wconf 90' lang='lat' dir='ltr'>morte</span> <span class='ocrx_word' id='word_1_65' title='bbox 637 1228 804 1304; x_wconf 91' lang='lat' dir='ltr'>peremtum</span> <span class='ocrx_word' id='word_1_66' title='bbox 818 1241 826 1296; x_wconf 93' lang='lat'>;</span> 
     </span>
     <span class='ocr_line' id='line_1_12' title="bbox 80 1306 853 1390; baseline 0 -23"><span class='ocrx_word' id='word_1_67' title='bbox 80 1306 230 1368; x_wconf 83' lang='lat' dir='ltr'>Misenum</span> <span class='ocrx_word' id='word_1_68' title='bbox 245 1307 403 1385; x_wconf 83' lang='lat' dir='ltr'>Aeoliden,</span> <span class='ocrx_word' id='word_1_69' title='bbox 419 1329 477 1390; x_wconf 91' lang='lat' dir='ltr'>quo</span> <span class='ocrx_word' id='word_1_70' title='bbox 491 1329 550 1369; x_wconf 93' lang='lat' dir='ltr'>non</span> <span class='ocrx_word' id='word_1_71' title='bbox 565 1307 763 1390; x_wconf 78' lang='lat' dir='ltr'>praestantior</span> <span class='ocrx_word' id='word_1_72' title='bbox 777 1307 853 1368; x_wconf 87' lang='lat' dir='ltr'>alter</span> 
     </span>
     <span class='ocr_line' id='line_1_13' title="bbox 79 1389 869 1474; baseline 0.001 -22"><span class='ocrx_word' id='word_1_73' title='bbox 79 1389 162 1453; x_wconf 89' lang='lat' dir='ltr'>Aere</span> <span class='ocrx_word' id='word_1_74' title='bbox 180 1392 258 1454; x_wconf 90' lang='lat' dir='ltr'>ciere</span> <span class='ocrx_word' id='word_1_75' title='bbox 274 1393 363 1471; x_wconf 89' lang='lat' dir='ltr'>viros,</span> <span class='ocrx_word' id='word_1_76' title='bbox 378 1392 568 1474; x_wconf 89' lang='lat' dir='ltr'>Martemque</span> <span class='ocrx_word' id='word_1_77' title='bbox 584 1392 748 1454; x_wconf 80' lang='lat' dir='ltr'>accendere</span> <span class='ocrx_word' id='word_1_78' title='bbox 769 1397 869 1454; x_wconf 88' lang='lat' dir='ltr'>cantu.</span> 
     </span>
     <span class='ocr_line' id='line_1_14' title="bbox 80 1475 932 1558; baseline 0.002 -22"><span class='ocrx_word' id='word_1_79' title='bbox 80 1475 222 1539; x_wconf 77' lang='lat' dir='ltr'>Hectoris</span> <span class='ocrx_word' id='word_1_80' title='bbox 236 1476 284 1538; x_wconf 91' lang='lat' dir='ltr'>hic</span> <span class='ocrx_word' id='word_1_81' title='bbox 298 1478 398 1558; x_wconf 88' lang='lat' dir='ltr'>magni</span> <span class='ocrx_word' id='word_1_82' title='bbox 412 1477 512 1539; x_wconf 90' lang='lat' dir='ltr'>fuerat</span> <span class='ocrx_word' id='word_1_83' title='bbox 527 1497 646 1552; x_wconf 83' lang='lat' dir='ltr'>comes3</span> <span class='ocrx_word' id='word_1_84' title='bbox 669 1475 804 1538; x_wconf 85' lang='lat' dir='ltr'>Hectora</span> <span class='ocrx_word' id='word_1_85' title='bbox 819 1476 932 1538; x_wconf 87' lang='lat' dir='ltr'>circum</span> 
     </span>
     <span class='ocr_line' id='line_1_15' title="bbox 81 1558 751 1643; baseline 0.003 -23"><span class='ocrx_word' id='word_1_86' title='bbox 81 1558 123 1621; x_wconf 84' lang='lat' dir='ltr'>Et</span> <span class='ocrx_word' id='word_1_87' title='bbox 136 1561 209 1624; x_wconf 89' lang='lat' dir='ltr'>lituo</span> <span class='ocrx_word' id='word_1_88' title='bbox 224 1581 340 1643; x_wconf 86' lang='lat' dir='ltr'>pugnas</span> <span class='ocrx_word' id='word_1_89' title='bbox 354 1562 476 1643; x_wconf 88' lang='lat' dir='ltr'>insignis</span> <span class='ocrx_word' id='word_1_90' title='bbox 492 1562 591 1624; x_wconf 87' lang='lat' dir='ltr'>obibat</span> <span class='ocrx_word' id='word_1_91' title='bbox 605 1568 636 1622; x_wconf 90' lang='lat' dir='ltr'>et</span> <span class='ocrx_word' id='word_1_92' title='bbox 654 1562 751 1624; x_wconf 82' lang='lat' dir='ltr'>hasta.</span> 
     </span>
     <span class='ocr_line' id='line_1_16' title="bbox 81 1642 840 1728; baseline 0.005 -24"><span class='ocrx_word' id='word_1_93' title='bbox 81 1642 244 1726; x_wconf 86' lang='lat' dir='ltr'>Postquam</span> <span class='ocrx_word' id='word_1_94' title='bbox 257 1646 340 1707; x_wconf 90' lang='lat' dir='ltr'>illum</span> <span class='ocrx_word' id='word_1_95' title='bbox 356 1647 418 1708; x_wconf 81' lang='lat' dir='ltr'>vita</span> <span class='ocrx_word' id='word_1_96' title='bbox 433 1647 528 1708; x_wconf 89' lang='lat' dir='ltr'>victor</span> <span class='ocrx_word' id='word_1_97' title='bbox 542 1646 678 1728; x_wconf 88' lang='lat' dir='ltr'>spoliavit</span> <span class='ocrx_word' id='word_1_98' title='bbox 692 1646 840 1723; x_wconf 80' lang='lat' dir='ltr'>Achillea,</span> 
     </span>
     <span class='ocr_line' id='line_1_17' title="bbox 80 1727 744 1793; baseline 0.008 -5"><span class='ocrx_word' id='word_1_99' title='bbox 80 1727 233 1792; x_wconf 89' lang='lat' dir='ltr'>Dardanio</span> <span class='ocrx_word' id='word_1_100' title='bbox 248 1729 371 1793; x_wconf 83' lang='lat' dir='ltr'>Aeneae</span> <span class='ocrx_word' id='word_1_101' title='bbox 387 1752 452 1793; x_wconf 87' lang='lat' dir='ltr'>sese</span> <span class='ocrx_word' id='word_1_102' title='bbox 467 1731 642 1793; x_wconf 88' lang='lat' dir='ltr'>fortissimus</span> <span class='ocrx_word' id='word_1_103' title='bbox 656 1731 744 1793; x_wconf 86' lang='lat' dir='ltr'>heros</span> 
     </span>
     <span class='ocr_line' id='line_1_18' title="bbox 79 1811 760 1894; baseline 0.004 -21"><span class='ocrx_word' id='word_1_104' title='bbox 79 1811 252 1877; x_wconf 83' lang='lat' dir='ltr'>Addiderat</span> <span class='ocrx_word' id='word_1_105' title='bbox 266 1815 387 1894; x_wconf 90' lang='lat' dir='ltr'>socium,</span> <span class='ocrx_word' id='word_1_106' title='bbox 402 1837 462 1877; x_wconf 92' lang='lat' dir='ltr'>non</span> <span class='ocrx_word' id='word_1_107' title='bbox 475 1816 615 1878; x_wconf 88' lang='lat' dir='ltr'>inferiora</span> <span class='ocrx_word' id='word_1_108' title='bbox 630 1823 760 1878; x_wconf 88' lang='lat' dir='ltr'>secutus.</span> 
     </span>
     <span class='ocr_line' id='line_1_19' title="bbox 83 1894 945 1984; baseline 0.005 -26"><span class='ocrx_word' id='word_1_109' title='bbox 83 1894 145 1959; x_wconf 84' lang='lat' dir='ltr'>Sed</span> <span class='ocrx_word' id='word_1_110' title='bbox 160 1905 234 1978; x_wconf 93' lang='lat' dir='ltr'>tum,</span> <span class='ocrx_word' id='word_1_111' title='bbox 250 1899 326 1962; x_wconf 79' lang='lat' dir='ltr'>forte</span> <span class='ocrx_word' id='word_1_112' title='bbox 342 1921 417 1962; x_wconf 80' lang='lat' dir='ltr'>cara</span> <span class='ocrx_word' id='word_1_113' title='bbox 432 1901 503 1962; x_wconf 93' lang='lat' dir='ltr'>dum</span> <span class='ocrx_word' id='word_1_114' title='bbox 517 1907 658 1984; x_wconf 88' lang='lat' dir='ltr'>personat</span> <span class='ocrx_word' id='word_1_115' title='bbox 672 1921 803 1982; x_wconf 86' lang='lat' dir='ltr'>aequora</span> <span class='ocrx_word' id='word_1_116' title='bbox 821 1899 945 1978; x_wconf 88' lang='lat' dir='ltr'>concha,</span> 
     </span>
     <span class='ocr_line' id='line_1_20' title="bbox 80 1979 809 2063; baseline 0.005 -20"><span class='ocrx_word' id='word_1_117' title='bbox 80 1979 223 2062; x_wconf 86' lang='lat' dir='ltr'>Demens,</span> <span class='ocrx_word' id='word_1_118' title='bbox 240 1991 270 2045; x_wconf 92' lang='lat' dir='ltr'>et</span> <span class='ocrx_word' id='word_1_119' title='bbox 286 1991 376 2046; x_wconf 86' lang='lat' dir='ltr'>cantu</span> <span class='ocrx_word' id='word_1_120' title='bbox 391 1991 478 2047; x_wconf 90' lang='lat' dir='ltr'>vocat</span> <span class='ocrx_word' id='word_1_121' title='bbox 491 1986 523 2047; x_wconf 90' lang='lat' dir='ltr'>in</span> <span class='ocrx_word' id='word_1_122' title='bbox 538 1985 701 2047; x_wconf 87' lang='lat' dir='ltr'>certamina</span> <span class='ocrx_word' id='word_1_123' title='bbox 716 1985 809 2063; x_wconf 89' lang='lat' dir='ltr'>divos,</span> 
     </span>
     <span class='ocr_line' id='line_1_21' title="bbox 80 2069 1002 2151; baseline 0 -21"><span class='ocrx_word' id='word_1_124' title='bbox 80 2069 228 2130; x_wconf 88' lang='lat' dir='ltr'>Aemulus</span> <span class='ocrx_word' id='word_1_125' title='bbox 243 2076 401 2151; x_wconf 83' lang='lat' dir='ltr'>exceptum</span> <span class='ocrx_word' id='word_1_126' title='bbox 416 2070 520 2132; x_wconf 81' lang='lat' dir='ltr'>Triton</span> <span class='ocrx_word' id='word_1_127' title='bbox 532 2071 609 2132; x_wconf 89' lang='lat' dir='ltr'>-si</span> <span class='ocrx_word' id='word_1_128' title='bbox 624 2070 748 2131; x_wconf 89' lang='lat' dir='ltr'>credere</span> <span class='ocrx_word' id='word_1_129' title='bbox 764 2069 887 2151; x_wconf 84' lang='lat' dir='ltr'>dignum</span> <span class='ocrx_word' id='word_1_130' title='bbox 902 2072 948 2131; x_wconf 91' lang='lat' dir='ltr'>est</span> <span class='ocrx_word' id='word_1_131' title='bbox 959 2101 1002 2113; x_wconf 91' lang='lat'><em>-</em></span> 
     </span>
     <span class='ocr_line' id='line_1_22' title="bbox 80 2153 819 2236; baseline 0 -21"><span class='ocrx_word' id='word_1_132' title='bbox 80 2153 167 2216; x_wconf 90' lang='lat' dir='ltr'>Inter</span> <span class='ocrx_word' id='word_1_133' title='bbox 181 2174 253 2215; x_wconf 86' lang='lat' dir='ltr'>saxa</span> <span class='ocrx_word' id='word_1_134' title='bbox 266 2154 362 2215; x_wconf 81' lang='lat' dir='ltr'>virum</span> <span class='ocrx_word' id='word_1_135' title='bbox 377 2175 515 2236; x_wconf 90' lang='lat' dir='ltr'>spumosa</span> <span class='ocrx_word' id='word_1_136' title='bbox 529 2156 715 2216; x_wconf 87' lang='lat' dir='ltr'>immerserat</span> <span class='ocrx_word' id='word_1_137' title='bbox 729 2153 819 2216; x_wconf 89' lang='lat' dir='ltr'>unda.</span> 
     </span>
     <span class='ocr_line' id='line_1_23' title="bbox 81 2237 864 2319; baseline 0 -19"><span class='ocrx_word' id='word_1_138' title='bbox 81 2237 164 2319; x_wconf 82' lang='lat' dir='ltr'>Ergo</span> <span class='ocrx_word' id='word_1_139' title='bbox 179 2258 279 2300; x_wconf 88' lang='lat' dir='ltr'>omnes</span> <span class='ocrx_word' id='word_1_140' title='bbox 293 2259 401 2319; x_wconf 86' lang='lat' dir='ltr'>magno</span> <span class='ocrx_word' id='word_1_141' title='bbox 418 2239 530 2302; x_wconf 88' lang='lat' dir='ltr'>circum</span> <span class='ocrx_word' id='word_1_142' title='bbox 545 2241 671 2302; x_wconf 88' lang='lat' dir='ltr'>clamore</span> <span class='ocrx_word' id='word_1_143' title='bbox 687 2240 864 2318; x_wconf 84' lang='lat' dir='ltr'>fremebant,</span> 
     </span>
     <span class='ocr_line' id='line_1_24' title="bbox 81 2322 844 2408; baseline 0.004 -25"><span class='ocrx_word' id='word_1_144' title='bbox 81 2322 246 2404; x_wconf 84' lang='lat' dir='ltr'>Praecipue</span> <span class='ocrx_word' id='word_1_145' title='bbox 261 2322 327 2404; x_wconf 87' lang='lat' dir='ltr'>pius</span> <span class='ocrx_word' id='word_1_146' title='bbox 339 2323 471 2385; x_wconf 86' lang='lat' dir='ltr'>Aeneas.</span> <span class='ocrx_word' id='word_1_147' title='bbox 516 2325 591 2385; x_wconf 82' lang='lat' dir='ltr'>Tum</span> <span class='ocrx_word' id='word_1_148' title='bbox 601 2326 686 2408; x_wconf 87' lang='lat' dir='ltr'>jussa</span> <span class='ocrx_word' id='word_1_149' title='bbox 702 2323 844 2407; x_wconf 78' lang='lat' dir='ltr'>Sibyllae,</span> 
     </span>
     <span class='ocr_line' id='line_1_25' title="bbox 81 2407 872 2490; baseline 0.003 -22"><span class='ocrx_word' id='word_1_150' title='bbox 81 2407 174 2469; x_wconf 89' lang='lat' dir='ltr'>Haud</span> <span class='ocrx_word' id='word_1_151' title='bbox 189 2427 282 2485; x_wconf 91' lang='lat' dir='ltr'>mora,</span> <span class='ocrx_word' id='word_1_152' title='bbox 297 2407 440 2470; x_wconf 89' lang='lat' dir='ltr'>festinant</span> <span class='ocrx_word' id='word_1_153' title='bbox 456 2409 572 2486; x_wconf 88' lang='lat' dir='ltr'>flentes,</span> <span class='ocrx_word' id='word_1_154' title='bbox 588 2430 728 2490; x_wconf 89' lang='lat' dir='ltr'>aramque</span> <span class='ocrx_word' id='word_1_155' title='bbox 744 2408 872 2490; x_wconf 89' lang='lat' dir='ltr'>sepulcri</span> 
     </span>
     <span class='ocr_line' id='line_1_26' title="bbox 83 2490 879 2575; baseline 0.001 -21"><span class='ocrx_word' id='word_1_156' title='bbox 83 2490 252 2572; x_wconf 81' lang='lat' dir='ltr'>Congerere</span> <span class='ocrx_word' id='word_1_157' title='bbox 268 2493 431 2571; x_wconf 89' lang='lat' dir='ltr'>arboribus,</span> <span class='ocrx_word' id='word_1_158' title='bbox 449 2495 590 2575; x_wconf 91' lang='lat' dir='ltr'>coeloque</span> <span class='ocrx_word' id='word_1_159' title='bbox 607 2494 735 2555; x_wconf 86' lang='lat' dir='ltr'>educere</span> <span class='ocrx_word' id='word_1_160' title='bbox 751 2499 879 2555; x_wconf 88' lang='lat' dir='ltr'>certant.</span> 
     </span>
     <span class='ocr_line' id='line_1_27' title="bbox 81 2576 863 2659; baseline 0.004 -22"><span class='ocrx_word' id='word_1_161' title='bbox 81 2576 149 2637; x_wconf 88' lang='lat' dir='ltr'>Itur</span> <span class='ocrx_word' id='word_1_162' title='bbox 163 2577 195 2637; x_wconf 89' lang='lat' dir='ltr'>in</span> <span class='ocrx_word' id='word_1_163' title='bbox 209 2577 362 2659; x_wconf 87' lang='lat' dir='ltr'>antiquam</span> <span class='ocrx_word' id='word_1_164' title='bbox 377 2577 490 2655; x_wconf 89' lang='lat' dir='ltr'>silvam,</span> <span class='ocrx_word' id='word_1_165' title='bbox 505 2579 622 2640; x_wconf 91' lang='lat' dir='ltr'>stabula</span> <span class='ocrx_word' id='word_1_166' title='bbox 637 2580 698 2641; x_wconf 85' lang='lat' dir='ltr'>alta</span> <span class='ocrx_word' id='word_1_167' title='bbox 711 2579 863 2640; x_wconf 88' lang='lat' dir='ltr'>ferarum:</span> 
     </span>
     <span class='ocr_line' id='line_1_28' title="bbox 81 2660 869 2743; baseline 0.004 -21"><span class='ocrx_word' id='word_1_168' title='bbox 81 2660 286 2723; x_wconf 86' lang='lat' dir='ltr'>Procumbunt</span> <span class='ocrx_word' id='word_1_169' title='bbox 300 2662 403 2743; x_wconf 89' lang='lat' dir='ltr'>piceae</span> <span class='ocrx_word' id='word_1_170' title='bbox 416 2682 424 2737; x_wconf 92' lang='lat'>;</span> <span class='ocrx_word' id='word_1_171' title='bbox 447 2669 532 2724; x_wconf 88' lang='lat' dir='ltr'>sonat</span> <span class='ocrx_word' id='word_1_172' title='bbox 546 2663 607 2725; x_wconf 92' lang='lat' dir='ltr'>icta</span> <span class='ocrx_word' id='word_1_173' title='bbox 621 2664 774 2725; x_wconf 87' lang='lat' dir='ltr'>securibus</span> <span class='ocrx_word' id='word_1_174' title='bbox 788 2663 848 2724; x_wconf 85' lang='lat' dir='ltr'>ilex</span> <span class='ocrx_word' id='word_1_175' title='bbox 861 2683 869 2738; x_wconf 93' lang='lat'>;</span> 
     </span>
     <span class='ocr_line' id='line_1_29' title="bbox 81 2745 796 2828; baseline 0.004 -22"><span class='ocrx_word' id='word_1_176' title='bbox 81 2745 307 2828; x_wconf 86' lang='lat' dir='ltr'>Fraxineaeque</span> <span class='ocrx_word' id='word_1_177' title='bbox 323 2748 423 2809; x_wconf 87' lang='lat' dir='ltr'>trabes</span> <span class='ocrx_word' id='word_1_178' title='bbox 439 2748 541 2808; x_wconf 88' lang='lat' dir='ltr'>cuneis</span> <span class='ocrx_word' id='word_1_179' title='bbox 556 2753 588 2809; x_wconf 93' lang='lat' dir='ltr'>et</span> <span class='ocrx_word' id='word_1_180' title='bbox 599 2749 689 2810; x_wconf 87' lang='lat' dir='ltr'>fissile</span> <span class='ocrx_word' id='word_1_181' title='bbox 705 2749 796 2810; x_wconf 90' lang='lat' dir='ltr'>robur</span> 
     </span>
     <span class='ocr_line' id='line_1_30' title="bbox 84 2829 869 2913; baseline 0.003 -22"><span class='ocrx_word' id='word_1_182' title='bbox 84 2829 237 2891; x_wconf 82' lang='lat' dir='ltr'>Scinditur</span> <span class='ocrx_word' id='word_1_183' title='bbox 250 2850 257 2904; x_wconf 93' lang='grc'>;</span> <span class='ocrx_word' id='word_1_184' title='bbox 281 2830 443 2892; x_wconf 87' lang='lat' dir='ltr'>advolvunt</span> <span class='ocrx_word' id='word_1_185' title='bbox 457 2832 594 2913; x_wconf 86' lang='lat' dir='ltr'>ingentes</span> <span class='ocrx_word' id='word_1_186' title='bbox 609 2833 757 2894; x_wconf 90' lang='lat' dir='ltr'>montibus</span> <span class='ocrx_word' id='word_1_187' title='bbox 772 2852 869 2894; x_wconf 87' lang='lat' dir='ltr'>ornos.</span> 
     </span>
     <span class='ocr_line' id='line_1_31' title="bbox 82 2913 873 2999; baseline 0.006 -24"><span class='ocrx_word' id='word_1_188' title='bbox 82 2913 149 2976; x_wconf 91' lang='lat' dir='ltr'>Nec</span> <span class='ocrx_word' id='word_1_189' title='bbox 164 2936 224 2976; x_wconf 92' lang='lat' dir='ltr'>non</span> <span class='ocrx_word' id='word_1_190' title='bbox 238 2914 360 2977; x_wconf 85' lang='lat' dir='ltr'>Aeneas</span> <span class='ocrx_word' id='word_1_191' title='bbox 375 2937 465 2997; x_wconf 85' lang='lat' dir='ltr'>opera</span> <span class='ocrx_word' id='word_1_192' title='bbox 479 2917 558 2978; x_wconf 90' lang='lat' dir='ltr'>inter</span> <span class='ocrx_word' id='word_1_193' title='bbox 573 2918 644 2979; x_wconf 88' lang='lat' dir='ltr'>talia</span> <span class='ocrx_word' id='word_1_194' title='bbox 659 2917 770 2999; x_wconf 91' lang='lat' dir='ltr'>primus</span> <span class='ocrx_word' id='word_1_195' title='bbox 870 2943 873 2950; x_wconf 60' lang='lat'><strong><em>¹</em></strong></span> 
     </span>
     <span class='ocr_line' id='line_1_32' title="bbox 83 2999 852 3082; baseline 0 -20"><span class='ocrx_word' id='word_1_196' title='bbox 83 2999 232 3062; x_wconf 88' lang='lat' dir='ltr'>Hortatur</span> <span class='ocrx_word' id='word_1_197' title='bbox 247 2999 350 3078; x_wconf 72' lang='lat' dir='ltr'>socioS,</span> <span class='ocrx_word' id='word_1_198' title='bbox 366 3001 545 3082; x_wconf 87' lang='lat' dir='ltr'>paribusque</span> <span class='ocrx_word' id='word_1_199' title='bbox 561 3002 728 3082; x_wconf 90' lang='lat' dir='ltr'>accingitur</span> <span class='ocrx_word' id='word_1_200' title='bbox 741 3001 852 3076; x_wconf 81' lang='lat' dir='ltr'>armis3</span> 
     </span>
     <span class='ocr_line' id='line_1_33' title="bbox 82 3083 842 3165; baseline 0.003 -20"><span class='ocrx_word' id='word_1_201' title='bbox 82 3083 185 3165; x_wconf 86' lang='lat' dir='ltr'>Atque</span> <span class='ocrx_word' id='word_1_202' title='bbox 200 3084 275 3146; x_wconf 89' lang='lat' dir='ltr'>haec</span> <span class='ocrx_word' id='word_1_203' title='bbox 290 3084 353 3165; x_wconf 88' lang='lat' dir='ltr'>ipse</span> <span class='ocrx_word' id='word_1_204' title='bbox 369 3107 422 3147; x_wconf 91' lang='lat' dir='ltr'>suo</span> <span class='ocrx_word' id='word_1_205' title='bbox 436 3086 514 3147; x_wconf 86' lang='lat' dir='ltr'>tristi</span> <span class='ocrx_word' id='word_1_206' title='bbox 530 3107 598 3148; x_wconf 89' lang='lat' dir='ltr'>curn</span> <span class='ocrx_word' id='word_1_207' title='bbox 613 3086 701 3148; x_wconf 88' lang='lat' dir='ltr'>corde</span> <span class='ocrx_word' id='word_1_208' title='bbox 717 3087 842 3163; x_wconf 87' lang='lat' dir='ltr'>volutat,</span> 
     </span>
     <span class='ocr_line' id='line_1_34' title="bbox 82 3168 961 3252; baseline 0.003 -23"><span class='ocrx_word' id='word_1_209' title='bbox 82 3168 273 3250; x_wconf 86' lang='lat' dir='ltr'>Adspectans</span> <span class='ocrx_word' id='word_1_210' title='bbox 288 3170 391 3231; x_wconf 89' lang='lat' dir='ltr'>silvam</span> <span class='ocrx_word' id='word_1_211' title='bbox 406 3171 589 3248; x_wconf 87' lang='lat' dir='ltr'>immensam,</span> <span class='ocrx_word' id='word_1_212' title='bbox 605 3171 692 3232; x_wconf 88' lang='lat' dir='ltr'>etsie</span> <span class='ocrx_word' id='word_1_213' title='bbox 708 3171 784 3232; x_wconf 88' lang='lat' dir='ltr'>forte</span> <span class='ocrx_word' id='word_1_214' title='bbox 800 3175 961 3252; x_wconf 88' lang='lat' dir='ltr'>precatur:</span> 
     </span>
     <span class='ocr_line' id='line_1_35' title="bbox 85 3251 777 3317; baseline 0.004 -4"><span class='ocrx_word' id='word_1_215' title='bbox 85 3251 117 3314; x_wconf 81' lang='lat' dir='ltr'>si</span> <span class='ocrx_word' id='word_1_216' title='bbox 132 3274 211 3314; x_wconf 91' lang='lat' dir='ltr'>nunc</span> <span class='ocrx_word' id='word_1_217' title='bbox 226 3273 258 3315; x_wconf 91' lang='lat' dir='ltr'>se</span> <span class='ocrx_word' id='word_1_218' title='bbox 273 3254 355 3315; x_wconf 91' lang='lat' dir='ltr'>nobis</span> <span class='ocrx_word' id='word_1_219' title='bbox 370 3255 419 3315; x_wconf 92' lang='lat' dir='ltr'>ille</span> <span class='ocrx_word' id='word_1_220' title='bbox 435 3275 543 3317; x_wconf 90' lang='lat' dir='ltr'>aureus</span> <span class='ocrx_word' id='word_1_221' title='bbox 558 3256 662 3317; x_wconf 90' lang='lat' dir='ltr'>arbore</span> <span class='ocrx_word' id='word_1_222' title='bbox 678 3275 777 3317; x_wconf 90' lang='lat' dir='ltr'>ramus</span> 
     </span>
    </p>
   </div>
   <div class='ocr_carea' id='block_1_3' title="bbox 84 3336 1120 3845">
    <p class='ocr_par' dir='ltr' id='par_1_4' title="bbox 85 3336 869 3421">
     <span class='ocr_line' id='line_1_36' title="bbox 85 3336 869 3421; baseline 0.004 -23"><span class='ocrx_word' id='word_1_223' title='bbox 85 3336 233 3399; x_wconf 81' lang='lat' dir='ltr'>Ostendat</span> <span class='ocrx_word' id='word_1_224' title='bbox 247 3360 366 3400; x_wconf 90' lang='lat' dir='ltr'>nemore</span> <span class='ocrx_word' id='word_1_225' title='bbox 381 3339 412 3399; x_wconf 90' lang='lat' dir='ltr'>in</span> <span class='ocrx_word' id='word_1_226' title='bbox 427 3345 510 3401; x_wconf 88' lang='lat' dir='ltr'>tanto</span> <span class='ocrx_word' id='word_1_227' title='bbox 523 3339 529 3402; x_wconf 88' lang='lat' dir='ltr'>l</span> <span class='ocrx_word' id='word_1_228' title='bbox 553 3340 671 3421; x_wconf 86' lang='lat' dir='ltr'>quando</span> <span class='ocrx_word' id='word_1_229' title='bbox 687 3339 784 3401; x_wconf 90' lang='lat' dir='ltr'>omnia</span> <span class='ocrx_word' id='word_1_230' title='bbox 792 3346 869 3401; x_wconf 82' lang='lat' dir='ltr'>‘rere</span> 
     </span>
    </p>

    <p class='ocr_par' dir='ltr' id='par_1_5' title="bbox 84 3422 831 3501">
     <span class='ocr_line' id='line_1_37' title="bbox 84 3422 831 3501; baseline 0.004 -19"><span class='ocrx_word' id='word_1_231' title='bbox 84 3422 156 3483; x_wconf 88' lang='lat' dir='ltr'>Heu</span> <span class='ocrx_word' id='word_1_232' title='bbox 170 3423 293 3484; x_wconf 91' lang='lat' dir='ltr'>nimium</span> <span class='ocrx_word' id='word_1_233' title='bbox 308 3423 346 3484; x_wconf 93' lang='lat' dir='ltr'>de</span> <span class='ocrx_word' id='word_1_234' title='bbox 361 3428 392 3484; x_wconf 87' lang='lat' dir='ltr'>te</span> <span class='ocrx_word' id='word_1_235' title='bbox 408 3430 502 3501; x_wconf 88' lang='lat' dir='ltr'>vates,</span> <span class='ocrx_word' id='word_1_236' title='bbox 517 3423 646 3501; x_wconf 80' lang='lat' dir='ltr'>Miseno,</span> <span class='ocrx_word' id='word_1_237' title='bbox 661 3425 761 3486; x_wconf 87' lang='lat' dir='ltr'>locuta</span> <span class='ocrx_word' id='word_1_238' title='bbox 775 3431 831 3486; x_wconf 88' lang='lat' dir='ltr'>est.</span> 
     </span>
    </p>

    <p class='ocr_par' dir='ltr' id='par_1_6' title="bbox 84 3506 1120 3670">
     <span class='ocr_line' id='line_1_38' title="bbox 84 3506 1120 3591; baseline 0.008 -24"><span class='ocrx_word' id='word_1_239' title='bbox 84 3506 147 3568; x_wconf 85' lang='lat' dir='ltr'>Vix</span> <span class='ocrx_word' id='word_1_240' title='bbox 161 3527 198 3567; x_wconf 93' lang='lat' dir='ltr'>ea</span> <span class='ocrx_word' id='word_1_241' title='bbox 212 3507 291 3568; x_wconf 84' lang='lat' dir='ltr'>fatus</span> <span class='ocrx_word' id='word_1_242' title='bbox 306 3512 383 3585; x_wconf 88' lang='lat' dir='ltr'>erat,</span> <span class='ocrx_word' id='word_1_243' title='bbox 399 3508 534 3588; x_wconf 86' lang='lat' dir='ltr'>geminae</span> <span class='ocrx_word' id='word_1_244' title='bbox 551 3530 642 3591; x_wconf 93' lang='lat' dir='ltr'>quum</span> <span class='ocrx_word' id='word_1_245' title='bbox 656 3509 732 3571; x_wconf 85' lang='lat' dir='ltr'>forte</span> <span class='ocrx_word' id='word_1_246' title='bbox 749 3509 901 3570; x_wconf 91' lang='lat' dir='ltr'>columbae</span> <span class='ocrx_word' id='word_1_247' title='bbox 1076 3527 1120 3575; x_wconf 82' lang='lat'>190</span> 
     </span>
     <span class='ocr_line' id='line_1_39' title="bbox 85 3591 745 3670; baseline 0.005 -19"><span class='ocrx_word' id='word_1_248' title='bbox 85 3591 157 3670; x_wconf 89' lang='lat' dir='ltr'>Ipsa</span> <span class='ocrx_word' id='word_1_249' title='bbox 172 3592 225 3652; x_wconf 90' lang='lat' dir='ltr'>sub</span> <span class='ocrx_word' id='word_1_250' title='bbox 241 3613 294 3653; x_wconf 91' lang='lat' dir='ltr'>ora</span> <span class='ocrx_word' id='word_1_251' title='bbox 308 3592 363 3653; x_wconf 83' lang='lat' dir='ltr'>viri</span> <span class='ocrx_word' id='word_1_252' title='bbox 379 3594 460 3654; x_wconf 90' lang='lat' dir='ltr'>coelo</span> <span class='ocrx_word' id='word_1_253' title='bbox 476 3614 584 3654; x_wconf 85' lang='lat' dir='ltr'>venere</span> <span class='ocrx_word' id='word_1_254' title='bbox 600 3595 745 3668; x_wconf 86' lang='lat' dir='ltr'>volantes,</span> 
     </span>
    </p>

    <p class='ocr_par' dir='ltr' id='par_1_7' title="bbox 85 3674 819 3740">
     <span class='ocr_line' id='line_1_40' title="bbox 85 3674 819 3740; baseline 0.003 -5"><span class='ocrx_word' id='word_1_255' title='bbox 85 3675 127 3735; x_wconf 85' lang='lat' dir='ltr'>Et</span> <span class='ocrx_word' id='word_1_256' title='bbox 141 3674 228 3736; x_wconf 88' lang='lat' dir='ltr'>viridi</span> <span class='ocrx_word' id='word_1_257' title='bbox 245 3676 350 3737; x_wconf 88' lang='lat' dir='ltr'>sedere</span> <span class='ocrx_word' id='word_1_258' title='bbox 366 3679 437 3739; x_wconf 91' lang='lat' dir='ltr'>solo.</span> <span class='ocrx_word' id='word_1_259' title='bbox 482 3678 559 3739; x_wconf 80' lang='lat' dir='ltr'>Tum</span> <span class='ocrx_word' id='word_1_260' title='bbox 572 3678 717 3740; x_wconf 84' lang='lat' dir='ltr'>maximus</span> <span class='ocrx_word' id='word_1_261' title='bbox 731 3677 819 3738; x_wconf 88' lang='lat' dir='ltr'>heros</span> 
     </span>
    </p>

    <p class='ocr_par' dir='ltr' id='par_1_8' title="bbox 85 3757 836 3845">
     <span class='ocr_line' id='line_1_41' title="bbox 85 3757 836 3845; baseline 0.003 -24"><span class='ocrx_word' id='word_1_262' title='bbox 85 3757 241 3823; x_wconf 78' lang='lat' dir='ltr'>Maternae</span> <span class='ocrx_word' id='word_1_263' title='bbox 256 3762 391 3843; x_wconf 83' lang='lat' dir='ltr'>agnoscit</span> <span class='ocrx_word' id='word_1_264' title='bbox 406 3782 487 3841; x_wconf 87' lang='lat' dir='ltr'>aves,</span> <span class='ocrx_word' id='word_1_265' title='bbox 502 3763 658 3845; x_wconf 87' lang='lat' dir='ltr'>laetusque</span> <span class='ocrx_word' id='word_1_266' title='bbox 674 3768 836 3845; x_wconf 85' lang='lat' dir='ltr'>precatur:</span> 
     </span>
    </p>
   </div>
   <div class='ocr_carea' id='block_1_4' title="bbox 0 0 1262 4334">
    <p class='ocr_par' dir='ltr' id='par_1_9' title="bbox 0 0 1262 4334">
     <span class='ocr_line' id='line_1_42' title="bbox 0 0 1262 4334; baseline 0 0"><span class='ocrx_word' id='word_1_267' title='bbox 0 0 1262 4334; x_wconf 95' lang='lat' dir='ltr'> </span> 
     </span>
    </p>
   </div>
  </div>
 </body>
</html>
