2496 4334
109 233 171 298 176
443 253 473 297 P.
497 251 639 298 vmcmn
659 252 804 300 MARONIS

108 403 228 468 Robora
240 403 377 486 navigiis,
393 409 497 486 aptant
511 427 667 488 remosque
682 407 895 490 rudentesque,

107 489 218 572 Exigui
231 511 365 567 numero,
381 489 434 550 sed
448 491 525 552 bello
539 492 640 553 vivida
654 492 758 554 virtus.

107 574 230 638 Interea
244 577 365 638 Aeneas
380 575 483 636 urbem
501 576 639 658 designat
653 584 763 656 aratro,

109 658 298 743 Sortiturque
314 661 414 723 domos
428 680 436 735 3
458 660 514 723 hoc
530 660 620 723 Ilium
634 668 665 725 et
679 662 753 724 hacc
769 663 836 725 loca
850 662 970 746 Trojam

107 745 181 808 Esse
192 747 290 829 jubet.
336 745 457 809 Gaudet
471 767 564 827 regno
579 747 723 830 Trojanus
739 747 878 827 Acestes,

106 831 276 914 Indicitque
292 831 388 893 forum
405 837 435 891 et
450 832 584 913 patribus
599 832 652 894 dat
661 833 733 914 jura
747 833 869 896 voeatis.

105 917 182 978 Tum
196 918 293 978 vicina
308 917 395 978 astris
410 917 541 999 Erycino
555 917 587 979 in
601 919 713 980 vertice
729 917 815 980 sedes

104 1001 262 1064 Fundetur
276 1001 391 1064 Veneri
406 1001 532 1080 Idaliae,
548 1004 721 1084 tumuloque
736 1003 875 1066 sacerdos

104 1087 152 1149 Ae
167 1089 252 1149 lucus
267 1088 326 1148 late
342 1107 427 1148 sacer
442 1087 562 1148 additur
576 1087 737 1149 Anchiseo.

103 1172 233 1254 Jamque
249 1173 311 1234 dies
327 1173 447 1254 epulata
461 1193 568 1233 novem
583 1193 656 1253 gens
672 1173 776 1250 omnis,
792 1178 823 1234 et
837 1174 896 1236 ans

103 1257 215 1319 Faetus
229 1253 320 1319 honos
335 1277 342 1331 余
365 1256 473 1338 placidi
488 1263 659 1318 straverrmt
674 1278 804 1340 aequora
819 1260 911 1337 venti,

105 1341 218 1405 Creber
232 1349 263 1404 et
277 1342 430 1424 adspirans
445 1363 548 1404 rursus
563 1349 650 1404 vocat
664 1341 779 1404 Auster
792 1343 824 1404 in
842 1345 945 1406 altum.

103 1427 246 1490 Exoritur
260 1447 406 1511 procurva
419 1427 525 1508 ingens
540 1447 595 1509 per
608 1428 695 1490 litora
712 1428 799 1488 fletus
813 1448 821 1503 余

104 1511 256 1595 Complexi
271 1513 349 1574 inter
363 1533 395 1574 se
410 1526 588 1594 noctemque
604 1512 741 1595 diemque
757 1519 873 1574 morant
912 1561 920 1575 .

102 1597 191 1679 Ipsae
202 1600 266 1680 jam
280 1604 401 1676 matres,
417 1597 483 1679 ipsi,
501 1598 607 1680 quibus
622 1618 729 1680 aspera
743 1599 895 1680 quondam

102 1683 178 1746 Visa
192 1683 281 1744 maris
296 1683 388 1744 facies
404 1689 435 1744 et
449 1703 508 1744 non
524 1683 676 1745 tolerabile
691 1704 809 1761 nomen,

101 1767 152 1830 Ire
168 1770 280 1845 volunt,
296 1789 471 1850 omnemque
488 1768 578 1849 fugae
594 1769 727 1850 perferre
742 1768 883 1830 laborem.

102 1852 184 1925 Quos
198 1854 291 1915 bonus
306 1853 428 1914 Aeneas
443 1853 530 1915 dietis
545 1854 657 1914 solatur
671 1853 783 1931 amieis,

101 1936 143 1999 Et
158 1939 376 2019 consanguineo
391 1939 561 2021 lacrymans
577 1939 764 2001 commendat
777 1937 922 2000 Acestae.

101 2022 175 2085 Tres
191 2024 283 2106 Eryci
298 2024 415 2099 vitulos,
431 2030 462 2085 et
477 2023 714 2105 Tempestatibus
729 2045 837 2104 agnam

102 2107 236 2171 Caedere
252 2108 359 2170 deiude
370 2109 468 2192 jubet,
483 2109 615 2191 solvique
632 2130 669 2170 ex
684 2109 785 2170 ordine
800 2109 912 2170 funem.

21 2229 28 2239 .
99 2193 182 2276 Ipse,
198 2200 289 2275 eaput
303 2200 404 2255 tonsae
421 2193 495 2255 foliis
511 2194 646 2256 evinctus
661 2195 766 2272 olivae,

102 2276 192 2341 Stans
207 2279 311 2361 procul
325 2278 355 2339 in
370 2299 458 2360 prora
473 2285 607 2360 pateram
621 2285 715 2357 tenet,
731 2285 858 2360 extaque
874 2279 966 2340 salsos

100 2364 227 2426 Porrieit
241 2364 273 2424 in
286 2364 405 2441 fluctus,
421 2384 456 2425 ac
472 2364 540 2425 vina
554 2365 698 2446 liquentia
712 2364 820 2425 fundit.

100 2449 297 2530 Prosequitur
312 2469 437 2530 surgens
452 2470 470 2510 a
484 2449 575 2531 puppi
591 2456 697 2510 ventus
713 2455 839 2524 euntes余

101 2533 246 2597 Certatim
261 2534 332 2595 socii
347 2534 457 2595 feriunt
472 2555 551 2595 mare
568 2541 599 2595 et
617 2555 747 2615 aequora
765 2540 898 2595 verrunt.

142 2619 187 2680 At
202 2620 308 2682 Venus
323 2620 437 2680 interea
453 2619 627 2701 Neptrmum
643 2619 775 2708 exercita
790 2619 868 2680 curis

98 2703 282 2786 Alloquitur,
297 2705 432 2785 talesque
448 2705 573 2765 effundit
587 2711 706 2786 pectore
723 2711 866 2786 questus:

98 2788 120 2850 J
121 2790 225 2850 unonis
242 2790 341 2870 gravis
356 2790 401 2850 ira
415 2810 470 2850 neo
487 2790 683 2851 exsaturabile
699 2796 804 2871 peetus

100 2872 219 2955 Cogunt
233 2895 292 2949 me,
308 2873 462 2956 Neptune,
477 2895 582 2955 preces
598 2874 779 2936 descendere
795 2874 826 2935 in
840 2894 959 2935 omnes:

99 2956 196 3030 Quam
208 2980 266 3020 nec
282 2961 370 3040 longa
385 2958 459 3037 dies,
475 2960 570 3040 pietas
584 2981 639 3022 nec
655 2960 772 3040 mitigat
786 2952 868 3033 ulla余

98 3042 130 3104 N
132 3065 166 3106 ee
181 3045 203 3106 J
204 3045 266 3106 ovis
280 3044 403 3126 imperio
418 3044 546 3126 fatisque
562 3045 690 3106 infracta
705 3044 840 3127 quiescit.

98 3129 169 3191 Non
184 3129 283 3190 media
299 3129 335 3191 de
352 3136 441 3210 gente
457 3130 612 3213 Phrygum
628 3129 761 3191 exedisse
780 3128 915 3191 nefandis

98 3213 214 3276 Urbem
230 3214 303 3276 odiis
319 3215 389 3275 satis
406 3221 462 3292 est,
478 3236 532 3276 nec
549 3236 673 3296 poenam
690 3222 772 3277 traxe
788 3236 842 3296 per
857 3235 995 3289 omnem3

98 3299 250 3382 Reliquias
266 3298 383 3380 Trojae,
400 3299 514 3361 cineres
531 3308 620 3381 atque
636 3321 701 3361 ossa
716 3306 867 3382 peremtae

98 3385 279 3466 Insequitur.
326 3381 455 3446 Caussas
470 3385 545 3445 tanti
561 3386 635 3446 sciat
649 3386 699 3446 illa
714 3385 830 3448 furoris.

97 3472 167 3552 Ipse
183 3470 254 3531 mihi
270 3491 365 3551 nuper
381 3469 501 3551 Libyeis
517 3475 550 3530 tu
565 3471 649 3532 testis
665 3470 695 3530 in
709 3471 807 3549 undis,

98 3555 195 3628 Quam
209 3557 315 3617 molem
330 3555 427 3616 subito
443 3555 586 3616 excierit:
611 3555 704 3616 maria
719 3556 816 3617 omnia
832 3556 913 3618 coelo

97 3640 231 3718 Miscuit,
247 3640 360 3702 Aeoliis
374 3640 577 3723 nequidquam
591 3640 670 3702 freta
688 3641 835 3724 procelliS,

96 3725 135 3788 In
150 3727 250 3808 regnis
264 3726 320 3788 hoo
336 3747 409 3788 ausa
423 3727 491 3788 tuis.
