2496 4334
96 302 138 368 12
436 321 466 367 P.
490 320 632 367 vruornn
654 317 799 366 1111111111

139 473 202 537 Mc.
221 472 375 537 Candidus
389 472 540 538 insuetum
554 474 680 536 miratur
693 473 785 536 limen
800 471 933 556 Olympi,

99 559 162 624 Sub
177 559 362 643 pedibusque
378 559 461 622 videt
475 561 570 622 nubes
587 567 618 622 et
632 559 732 622 sidera
746 559 894 642 Daphnis.

96 646 179 728 Ergo
195 646 301 724 alacris
317 646 405 708 silvas
421 653 453 708 et
467 653 570 708 cetera
584 667 655 708 rura
669 647 806 728 voluptas

97 731 241 813 Panaque
256 737 450 814 pastoresque
465 737 550 794 tenet
564 731 765 816 Dryadasque
780 731 905 813 puellas.

96 817 165 880 Neo
179 818 267 901 lupus
283 816 405 880 insidias
419 818 532 901 pecori,
547 838 603 880 nec
619 818 696 879 retia
711 817 808 879 cervis

97 903 170 966 Ulla
185 902 285 965 dolum
298 903 501 965 meditantur:
527 909 608 966 amat
620 904 715 966 bonus
731 902 791 965 otia
805 899 951 984 Daphnis

97 988 161 1070 Ipsi
175 989 290 1050 laetitia
305 1009 393 1051 voces
410 988 449 1050 ad
464 987 563 1050 sidera
572 990 691 1072 jactant

97 1074 213 1136 Intonsi
227 1082 343 1136 montes
357 1095 364 1150 ;
387 1074 469 1156 ipsae
481 1075 545 1157 jam
560 1074 693 1136 carmina
705 1097 743 1136 ru
764 1095 808 1153 es,

98 1159 170 1241 Ipsa
184 1167 291 1222 sonant
305 1161 447 1222 arbusta:
472 1159 558 1237 (leus,
574 1160 648 1223 deus
663 1160 724 1238 ille,
776 1156 902 1223 11111111

101 1243 149 1308 Sis
163 1245 257 1308 bonus
273 1267 290 1308 o
305 1245 436 1327 felixque
452 1245 531 1309 tuis!
557 1245 606 1307 En
621 1252 749 1327 quatuor
765 1266 844 1324 aras,

99 1330 181 1393 Ecce
197 1331 272 1393 duas
286 1331 351 1409 tibi,
366 1330 501 1413 Daphni,
516 1330 591 1393 duas
607 1331 713 1393 altaria
728 1332 860 1393 Phoebo.

100 1416 215 1478 Pocula
229 1417 299 1478 bina
313 1438 390 1479 novo
405 1416 574 1500 spumantia
588 1417 666 1479 lacte
683 1417 852 1500 quotannis,

100 1500 300 1585 Craterasque
317 1502 390 1564 duos
405 1508 535 1565 statuam
550 1503 604 1564 tibi
618 1503 736 1586 pinguis
750 1503 820 1566 olivi
832 1523 840 1578 3

98 1586 141 1649 Et
154 1588 248 1649 multo
261 1587 292 1648 in
307 1588 409 1671 primis
423 1588 555 1650 hilarans
571 1589 706 1652 convivia
720 1589 854 1666 Baccho,

98 1670 182 1734 Ante
197 1673 307 1752 focum,
322 1673 348 1735 si
362 1674 457 1756 fiigus
472 1674 540 1751 erit,
555 1674 580 1736 si
593 1674 709 1752 messis,
723 1675 755 1736 in
769 1674 885 1751 umbra,

99 1758 182 1820 Vina
195 1780 306 1821 novum
320 1759 445 1821 fundam
460 1760 583 1822 calathis
598 1760 723 1822 Ariusia
735 1766 852 1823 nectar.

100 1842 273 1906 Cantabunt
286 1845 359 1906 mihi
373 1845 536 1908 Damoetas
552 1851 583 1908 et
598 1846 723 1929 Lyctius
739 1845 849 1928 Aegon
863 1863 871 1920 ;

102 1927 253 1992 Saltantes
271 1928 395 2013 Satyros
409 1931 574 1996 imitabitur
588 1930 817 2015 Alphesiboeus.
995 1942 1002 1950 ”

99 2013 187 2077 Haec
203 2015 257 2077 tibi
271 2037 389 2099 semper
405 2022 505 2094 errent,
521 2023 553 2079 et
568 2038 636 2079 curn
650 2017 783 2080 solennia
798 2022 869 2084 vota

99 2099 273 2163 Reddemus
289 2101 450 2185 Nymphis,
466 2108 497 2164 et
513 2123 581 2164 cum
595 2104 787 2165 lustrabimus
803 2121 902 2184 agros.

99 2185 181 2247 Dum
191 2186 267 2269 juga
280 2188 388 2250 montis
403 2209 486 2270 aper,
501 2188 606 2251 fluvios
621 2188 694 2251 dum
708 2189 797 2271 piscis
811 2187 933 2263 amabit,

100 2271 241 2354 Dumque
256 2273 359 2356 thymo
376 2281 538 2356 pascentm·
553 2295 635 2356 apes,
651 2275 723 2336 dum
737 2294 804 2336 rore
821 2272 955 2349 cicadae,

102 2354 228 2440 Semper
241 2358 334 2420 honos
349 2379 516 2441 nomenque
531 2365 617 2421 tuum
631 2360 796 2441 laudesque
810 2358 984 2420 manebunt.

102 2440 147 2504 Ut
161 2443 283 2506 Baccho
299 2442 474 2526 Cererique,
490 2445 544 2507 tibi
558 2446 600 2507 sic
616 2452 687 2508 vota
701 2445 858 2527 quotannis

99 2525 262 2610 Agricolae
277 2529 389 2592 facient
402 2550 410 2606 ;
434 2530 587 2593 damnabis
602 2538 636 2592 tu
653 2551 771 2614 quoque
787 2531 873 2593 votis

142 2612 208 2676 Mo.
226 2613 311 2688 Quae
326 2616 391 2694 tibi,
407 2636 484 2698 quae
500 2618 553 2679 tali
568 2617 694 2679 reddam
708 2638 762 2699 pro
778 2615 908 2678 carmine
923 2613 1002 2676 dona
1015 2609 1022 2675 1

101 2697 182 2761 Nam
195 2721 294 2782 neque
309 2722 357 2763 me
372 2708 489 2764 tantum
503 2703 650 2765 venientis
665 2702 766 2764 sibilus
783 2701 888 2778 austri,

101 2783 168 2847 Nec
184 2807 326 2869 percussa
335 2787 445 2869 juvant
458 2788 553 2849 fluctu
566 2794 628 2849 tarn
642 2788 740 2866 litora,
754 2808 810 2850 nec
827 2806 904 2869 quae

103 2868 230 2933 Saxosas
244 2871 324 2933 inter
339 2871 503 2934 decurrunt
517 2873 639 2934 flumina
653 2874 755 2935 valles.

143 2956 206 3019 Mc.
223 2956 293 3019 Hae
308 2962 338 3019 te
353 2978 407 3020 nos
421 2958 522 3040 fragili
537 2958 711 3021 donabimus
726 2964 795 3021 ante
811 2958 920 3021 cicuta.
1113 2971 1145 3021 85

101 3040 188 3105 Haec
204 3063 269 3119 nos,
284 3042 459 3106 Formosum
474 3042 615 3128 Corydon
629 3045 755 3106 ardebat
769 3042 891 3106 Alexim
904 3063 912 3118 3

101 3127 189 3191 Haeo
205 3128 310 3190 eadem
325 3129 436 3208 decinit,
453 3128 563 3214 Cujum
577 3129 695 3213 pecus?
719 3151 758 3192 an
772 3127 939 3192 Meliboei?

143 3212 209 3275 Mo.
226 3212 271 3275 At
287 3221 320 3275 tu
335 3236 418 3277 sume
433 3215 555 3297 pedum,
571 3216 661 3299 quod,
676 3237 724 3278 me
741 3236 809 3277 cum
824 3235 913 3297 saepe
928 3216 1062 3294 rogaret,

103 3298 175 3361 Non
188 3299 258 3361 tulit
272 3298 441 3382 Antigenes
453 3337 496 3348 -
508 3307 539 3363 et
554 3307 620 3364 erat
634 3307 699 3364 tum
714 3301 822 3383 dignus
837 3300 931 3363 amari
940 3331 984 3344 -

102 3384 277 3449 Formosum
291 3386 412 3469 paribus
427 3386 512 3451 nodis
528 3393 618 3470 atque
634 3408 716 3467 aere,
731 3386 883 3449 Menalca.
1115 3402 1146 3451 90
