2496 4334
147 256 211 321 loo
476 278 505 323 r.
529 277 671 324 vmemrr
696 277 841 324 mnnours

148 426 248 509 Terga
263 428 335 506 dati,
351 435 494 509 superant
509 430 606 511 capite
623 435 654 492 et
669 431 834 496 cervicibus
849 431 927 494 altis.

148 510 204 574 Ille
220 514 306 575 simul
320 513 455 576 manibus
471 514 568 576 tendit
583 514 724 577 divellere
739 516 844 596 nodos,

148 595 291 660 Perfusus
307 599 388 660 sanie
403 599 493 661 vittas
508 605 631 681 atroque
646 621 781 676 veneno;

149 679 285 745 Clamore
301 684 386 745 simul
400 684 562 746 horrendos
577 684 617 746 ad
631 685 730 747 sidera
742 686 837 747 tollit:

149 764 258 838 Quales
272 768 414 849 mugitus,
429 769 507 850 fugit
521 789 612 850 quum
626 770 744 832 saucius
759 791 842 833 aram

148 851 275 932 Taurus,
291 862 322 916 et
335 855 479 916 incertam
494 854 623 916 excussit
637 855 754 917 cervice
772 856 909 918 securim.

148 937 193 999 At
208 939 318 1020 gemini
331 941 417 1020 lapsu
431 939 556 1001 delubra
570 938 609 1001 ad
624 960 739 1001 summa
753 940 897 1004 dracones

148 1022 314 1105 Effugiunt,
329 1045 495 1105 saevaeque
510 1030 617 1106 petunt
631 1024 790 1087 Tritonidis
805 1047 915 1105 arcem,

150 1107 212 1170 Sub
227 1109 410 1191 pedibusque
426 1109 501 1170 deae
516 1109 673 1192 clypeique
688 1109 743 1171 sub
757 1110 828 1172 orbe
844 1116 998 1193 teguntur.

189 1194 265 1256 Tum
280 1215 350 1256 vero
366 1195 541 1256 tremefacta
555 1215 649 1255 novus
663 1214 718 1276 per
732 1202 853 1276 pectora
868 1197 982 1258 cunctis

146 1278 283 1342 Insinuat
297 1299 409 1362 pavor;
433 1285 464 1340 et
479 1280 575 1340 scelus
591 1278 764 1360 expendisse
779 1287 945 1343 merentem

146 1362 315 1445 Laocoonta
329 1366 440 1442 ferunt,
456 1384 574 1446 sacrum
589 1363 640 1445 qui
655 1362 777 1445 cuspide
791 1365 882 1426 robur

146 1449 292 1527 Laeserit,
307 1456 338 1511 et
352 1455 437 1530 tergo
452 1449 627 1511 sceleratam
641 1448 791 1510 intorserit
804 1450 931 1512 hastam.

145 1535 324 1597 Ducendum
341 1534 380 1595 ad
394 1534 481 1596 sedes
495 1534 695 1612 simulacrum,
710 1533 881 1616 orandaque
895 1535 981 1599 divae

95 1698 98 1703 ι
119 1664 126 1699 ,
145 1619 279 1682 Numina
295 1620 491 1681 conclamant.

145 1703 312 1766 Dividimus
326 1723 435 1782 muros,
451 1710 483 1765 et
496 1703 612 1765 moenia
626 1702 780 1784 pandimus
795 1704 887 1767 urbis.

143 1790 318 1870 Accingunt
333 1809 433 1851 omncs
448 1787 541 1871 operi,
556 1788 740 1869 pedibusque
755 1793 887 1852 rotarum

147 1873 314 1957 Subjiciunt
327 1875 439 1956 lapsus
455 1879 486 1935 et
500 1879 627 1954 stuppea
639 1873 758 1935 vincula
772 1874 847 1936 collo

144 1959 319 2021 Intendunt.
366 1957 491 2020 Scandit
504 1957 604 2019 fatalis
618 1957 756 2020 machina
769 1978 880 2037 muros,

144 2044 220 2107 Feta
235 2044 333 2107 armis.
379 2043 471 2104 Pueri
486 2043 598 2104 circum
612 2043 813 2124 innuptaeque
827 2045 944 2125 puellae

146 2129 240 2192 Sacra
254 2134 376 2206 canunt,
390 2129 550 2210 funemque
564 2147 655 2189 manu
670 2127 841 2208 contingere
856 2128 998 2210 gaudent.

144 2214 202 2277 Illa
215 2214 305 2291 subit,
320 2213 495 2294 mediaeque
509 2212 624 2273 minans
638 2212 769 2274 illabitur
782 2212 858 2275 urbi.

145 2298 171 2362 Ο
188 2299 294 2382 patria,
310 2319 328 2360 o
343 2298 444 2359 divum
458 2297 562 2358 domus
577 2296 677 2375 Ilium,
693 2303 724 2358 et
738 2297 852 2380 inclyta
865 2297 943 2361 bollo

142 2383 264 2446 Moenia
278 2380 503 2445 Dardanidum!
527 2388 635 2463 quater
647 2382 711 2464 ipso
725 2382 757 2443 in
770 2382 871 2444 limine
886 2389 989 2465 portae

144 2468 293 2547 Substitit,
309 2474 399 2550 atque
413 2472 498 2529 utero
515 2466 642 2528 sonitum
658 2473 764 2548 quater
779 2483 861 2529 arma
874 2467 996 2531 dedere.

142 2555 292 2617 Instemus
306 2560 407 2616 tamen
421 2552 606 2614 immemores
622 2552 762 2633 caecique
777 2552 889 2631 furore,

142 2639 184 2701 Et
198 2646 361 2701 monstrum
374 2637 476 2699 infelix
491 2642 609 2698 sacrata
622 2636 752 2698 sistimus
766 2657 846 2698 arce.

142 2723 225 2786 Tunc
241 2724 331 2786 etiam
345 2722 414 2784 fatis
430 2722 526 2804 aperit
541 2720 709 2783 Cassandra
722 2721 830 2783 futuris

143 2807 216 2886 Ora,
232 2809 281 2870 dei
290 2809 377 2889 jussu
390 2827 450 2867 non
464 2826 596 2886 unquam
611 2805 725 2867 credita
739 2806 873 2868 Teucris.

141 2893 206 2955 Nos
221 2893 345 2954 delubra
359 2890 449 2952 deum
459 2890 568 2967 miseri,
584 2890 690 2971 quibus
704 2891 826 2953 ultimus
840 2897 920 2954 esset

141 2978 196 3040 Ille
213 2977 287 3055 dics,
301 2976 380 3039 festa
393 2977 526 3037 velamus
540 2974 645 3036 fronde
659 2996 713 3056 per
728 2976 842 3038 urbem.

182 3063 322 3127 Vertitur
335 3061 452 3123 interea
466 3060 591 3138 coelum,
607 3065 638 3121 ct
652 3060 712 3121 ruit
725 3081 836 3123 oceano
848 3081 919 3140 nox,

140 3147 299 3210 involvens
313 3147 419 3208 umbra
432 3166 542 3226 magna
557 3151 726 3226 terramque
741 3147 911 3227 polumque,

140 3232 420 3315 Myrmidonumque
435 3230 538 3304 dolos;
560 3229 619 3291 fusi
633 3251 688 3311 per
702 3230 818 3292 moenia
831 3230 940 3294 Teucri

142 3316 319 3379 Conticuere
333 3335 342 3390 3
364 3335 451 3396 sopor
465 3316 558 3376 fessos
573 3314 780 3396 complectitur
794 3321 886 3377 artus.

184 3401 225 3463 Et
235 3402 299 3484 jam
312 3399 430 3480 Argiva
443 3399 571 3480 phalanx
586 3399 737 3460 instructis
752 3399 876 3462 navibus
891 3399 954 3462 ibat

137 3487 169 3549 A
185 3486 317 3562 Tenedo,
334 3484 442 3547 tacitae
459 3505 513 3566 per
528 3483 624 3545 amica
638 3483 755 3545 silentia
767 3485 856 3546 lunae

138 3570 240 3634 Litora
254 3577 325 3632 nota
339 3576 464 3652 petens:
486 3570 618 3630 flammas
634 3588 725 3648 quum
739 3569 822 3649 regia
837 3569 944 3652 puppis

82 3708 89 3715 .
138 3655 318 3731 Extulerat3
339 3656 466 3737 latisque
482 3654 572 3716 dcum
586 3652 726 3714 defensus
740 3653 859 3735 iniquis,

136 3740 272 3806 Inclusos
285 3747 370 3804 utero
385 3741 507 3802 Danaos
522 3744 554 3801 et
567 3738 655 3821 pinca
669 3737 772 3801 furtim
