2496 4334
147 277 210 340 330
488 295 517 341 r.
541 294 685 341 vrnomn
705 292 849 361 maronis

145 447 224 509 Arte
239 445 362 508 morer?
384 446 468 509 talin'
486 468 605 530 possum
618 469 666 511 mc
682 468 830 531 opponere
845 449 1003 514 monstro?

145 532 167 595 J
169 553 216 594 am
227 533 292 615 jam
305 529 406 614 hnquo
422 532 512 595 acies.
557 533 608 596 Ne
623 554 671 596 me
686 540 798 595 terrete
814 534 980 613 timentem,

146 615 302 679 Obscenae
319 618 454 680 volucres
471 640 478 680 :
503 619 618 681 alarum
634 619 760 681 verbera
774 639 864 681 nosco

144 701 340 785 Letalemque
355 723 470 782 sonum,
485 724 541 765 nec
557 704 664 766 fallunt
673 706 760 786 jussa
774 704 904 786 superba

143 786 330 869 Magnanimi
344 787 440 850 Jovis.
486 789 573 851 Haec
589 811 642 871 pro
658 789 828 870 virginitate
844 787 988 872 reponit?

146 871 212 944 Quo
226 873 318 934 vitam
334 872 417 935 dedit
432 873 611 936 aeternam?
635 895 690 936 eur
705 874 807 936 mortis
822 874 943 937 ademta
957 881 1004 938 est

147 956 312 1020 Condicio?
335 979 452 1041 possem
466 965 564 1021 tantos
580 959 666 1021 finire
685 959 800 1021 dolores

143 1042 234 1104 Nunc
251 1051 344 1121 certe,
360 1049 392 1104 et
406 1044 514 1106 misero
528 1045 615 1106 fratri
630 1065 727 1106 eomes
742 1043 786 1105 ire
801 1063 857 1126 per
870 1045 1002 1108 umbras.

143 1125 323 1189 Immortalis
339 1128 421 1209 ego?
444 1135 497 1190 aut
512 1129 675 1211 quidquam
689 1129 761 1190 mihi
776 1128 864 1190 dulce
878 1151 1014 1193 meorum

143 1212 186 1274 Te
202 1213 277 1292 siue,
292 1213 400 1290 frater,
416 1213 499 1275 erit?
525 1213 551 1276 Ο
567 1234 644 1296 quae
661 1214 810 1280 satisalta
824 1213 961 1278 dehiscat

143 1296 238 1360 Terra
252 1296 336 1376 mihi,
350 1297 517 1380 Manesque
533 1299 621 1361 deam
636 1298 774 1360 demittat
788 1298 827 1360 ad
841 1298 941 1361 imos?

143 1381 273 1444 Tantum
288 1383 388 1461 effata,
404 1389 494 1465 caput
509 1385 616 1464 glauco
631 1384 763 1446 contexit
778 1383 890 1445 amictu

143 1466 243 1530 Multa
257 1488 391 1550 gemens,
407 1474 484 1530 etse
499 1469 587 1531 fluvio
603 1468 661 1530 dea
676 1467 808 1531 condidit
823 1469 894 1530 alte.

185 1552 308 1614 Aeneas
323 1553 415 1615 instat
431 1559 546 1632 contra,
561 1555 714 1635 telumque
732 1559 870 1615 coruscat

143 1636 256 1718 Ingens
272 1638 440 1717 arboreum,
457 1645 488 1700 et
503 1659 592 1701 saevo
606 1639 649 1701 sic
664 1644 785 1721 pectore
801 1638 902 1700 fatur:

140 1721 229 1793 'Quae
244 1743 323 1785 nunc
336 1723 444 1785 deinde
459 1745 543 1786 mora
554 1730 611 1802 est,
624 1731 677 1786 aut
692 1723 765 1806 quid
774 1723 850 1805 jam,
863 1723 976 1803 Turne,
987 1725 1161 1788 retractas?

144 1805 214 1868 Non
229 1829 329 1888 cursu,
345 1809 441 1872 saevis
456 1809 632 1872 certandum
647 1814 694 1870 est
708 1809 869 1871 comminus
885 1809 983 1871 armis.
1136 1831 1184 1881 eoo

143 1890 240 1954 Verte
256 1914 357 1956 omnes
372 1900 434 1956 tete
449 1894 481 1955 in
495 1895 598 1972 facies,
615 1901 646 1956 et
661 1893 814 1973 contrahe,
830 1893 976 1975 quidquid

145 1974 215 2039 Sive
231 1979 334 2040 animis
349 1979 411 2041 sivo
427 1986 492 2041 arte
507 1981 589 2042 vales
603 1999 611 2055 ;
634 1985 704 2061 opta
719 1978 814 2041 ardua
828 1979 934 2061 pennis

142 2061 238 2125 Astra
252 2065 347 2146 sequi,
363 2066 556 2147 clausumque
572 2085 647 2126 cava
661 2071 692 2126 tc
709 2062 837 2125 condere
853 2070 944 2126 terra.

142 2146 198 2209 Ille
215 2156 306 2231 caput
321 2170 484 2232 quassans:
509 2150 541 2211 N
542 2171 580 2212 on
594 2170 641 2211 me
657 2155 710 2211 tua
724 2148 840 2212 fervida
854 2154 971 2210 terrent

141 2231 243 2310 Dicta,
258 2235 364 2309 ser0x3
389 2234 418 2295 di
433 2256 481 2296 me
497 2241 613 2297 terrent
629 2240 660 2296 et
673 2233 796 2315 Jupiter
810 2233 913 2296 hostis.

141 2315 174 2377 N
175 2337 209 2378 ec
225 2319 311 2400 plura
326 2320 442 2398 effatus,
458 2340 568 2382 saxum·
578 2319 777 2401 circumspicit
791 2318 908 2400 ingens,

143 2400 254 2464 Saxum
269 2405 435 2487 antiquum,
450 2405 568 2486 ingens,
584 2425 688 2487 campo
704 2402 783 2486 quod
797 2404 874 2465 forte
884 2402 1018 2486 jacebat,

140 2486 240 2550 Limes
256 2510 328 2570 agro
343 2491 466 2572 positus,
481 2491 564 2551 litem
580 2496 614 2551 ut
629 2489 813 2551 discerneret
828 2489 917 2552 arvis.

140 2571 201 2634 Vix
216 2574 289 2635 illud
305 2575 375 2636 lecti
389 2575 433 2636 bis
449 2597 502 2637 sex
517 2575 633 2637 cervice
650 2573 794 2652 subirent,
918 2631 920 2636 .

141 2654 248 2729 Qualia
262 2679 341 2720 nunc
358 2660 508 2721 hominum
523 2658 661 2742 producit
675 2679 799 2740 corpora
813 2657 902 2719 tellus
916 2677 924 2734 ;

139 2739 196 2804 Ille
211 2764 301 2804 manu
316 2752 435 2826 raptum
449 2745 567 2828 trepida
582 2743 741 2826 torquebat
754 2743 786 2804 in
801 2741 928 2821 hostem,

138 2826 239 2890 Altior
253 2829 410 2911 insurgens
428 2838 459 2892 et
475 2852 566 2892 cursu
580 2829 713 2892 concitus
728 2828 825 2890 heros.

141 2911 203 2974 Sed
218 2934 315 2996 neque
333 2922 503 2977 currentem
518 2935 550 2976 se
565 2935 621 2977 nec
638 2913 790 2995 cognoscit
805 2918 937 2989 euntem,
970 2976 973 2980 ,

139 2997 341 3062 Tollentemve
356 3021 446 3062 manu
461 3021 624 3082 saxumque
639 3000 767 3060 immane
782 3003 950 3059 moventem
964 3015 972 3072 ;

140 3081 248 3145 Genua
262 3085 375 3162 labant,
391 3087 508 3167 gelidus
523 3085 675 3147 concrevit
688 3083 799 3164 frigore
815 3081 947 3162 sanguis.

139 3168 216 3229 Tum
231 3164 305 3251 lapis
319 3171 383 3254 ipse
399 3171 465 3248 viri,
480 3191 609 3232 vacuum
623 3190 677 3251 per
691 3168 778 3229 inane
794 3166 925 3243 volutus,

139 3251 207 3315 Noc
223 3255 352 3334 spatium
367 3257 463 3317 evasit
477 3262 583 3332 totum,
598 3274 696 3335 neque
711 3252 836 3335 pertulit
849 3251 953 3312 ictum.

138 3337 187 3399 Ac
203 3340 331 3400 velutin
346 3339 465 3416 somnis,
481 3341 581 3400 oculos
595 3339 646 3399 ubi
661 3335 803 3419 languida
816 3335 926 3418 pressit

139 3422 238 3486 Nocte
255 3425 350 3506 quies,
365 3425 567 3506 nequidquam
582 3423 685 3485 avidos
701 3420 863 3484 extendere
880 3438 985 3481 cursus

139 3508 228 3571 Velle
244 3508 391 3586 videmur,
407 3516 438 3571 ct
452 3510 484 3570 iu
498 3509 603 3570 mediis
619 3507 774 3570 conatibus
790 3505 875 3586 aegri

142 3591 328 3656 Succidimus
342 3614 350 3670 ;
373 3615 432 3656 non
446 3595 549 3675 lingua
564 3595 655 3670 valet,
671 3613 731 3653 non
746 3610 870 3672 corpore
885 3594 974 3650 notae

142 3676 299 3741 Sufficiunt
314 3680 404 3758 vires,
419 3701 475 3742 nec
489 3700 546 3740 vox
562 3685 615 3740 aut
629 3678 721 3739 verba
736 3680 923 3757 sequuntur:

142 3761 192 3825 Sic
208 3764 320 3843 Turno,
336 3784 524 3847 quacumque
540 3764 619 3826 viam
634 3762 745 3825 virtute
761 3760 878 3842 petivit,
