2452 4320
86 247 127 312 56
416 267 444 312 Ρ.
469 267 610 312 vincum
634 265 779 312 11666116

85 420 177 482 Η666
194 440 312 502 quoquc
325 454 366 467 -
377 440 447 481 nam
461 419 566 482 mediis
581 420 748 483 fervoribus
764 418 862 483 acrior
875 419 969 483 instat
981 456 1025 468 -

85 505 215 568 Arcebis
230 505 354 587 gravido
368 506 480 589 pecori,
498 514 693 588 amentaque
709 527 813 588 pasces

88 590 157 653 Sole
173 612 278 653 recens
294 597 369 669 orto,
386 599 438 654 aut
452 598 572 653 noctem
587 592 765 654 ducentibus
780 591 879 654 astris.

129 677 203 739 Post
217 684 336 759 partum
352 697 425 739 cura
439 677 470 738 in
487 677 595 740 1116166
610 677 779 739 traducitur
795 678 908 754 omnis;

87 761 294 844 Continuoque
310 769 395 823 notas
412 770 442 824 61
457 764 575 825 nomina
590 763 688 845 gentis
702 763 837 841 inurunt,

87 848 128 909 Et
143 869 217 930 quos
233 855 285 909 aut
300 848 401 930 pecori
415 849 520 910 malint
534 848 709 910 submittere
724 848 872 928 habendo,

86 933 153 994 Aut
167 934 226 995 aris
241 954 362 995 servare
378 951 488 1012 sacros,
505 941 557 996 aut
572 934 709 996 scindere
726 940 849 1012 terram,

87 1019 129 1080 Et
144 1041 281 1102 campum
296 1019 467 1081 horrentem
481 1020 585 1081 fractis
600 1020 751 1082 invertere
766 1020 880 1101 glebis;

88 1103 198 1167 Cetera
212 1111 378 1188 pascuntur
395 1106 503 1167 virides
522 1111 656 1167 armenta
671 1127 725 1188 per
739 1104 859 1168 herbas.

88 1191 134 1253 'Pu
150 1212 223 1274 quos
239 1190 277 1252 ad
293 1190 424 1253 studimn
439 1197 529 1272 atque
547 1213 633 1253 usum
647 1191 788 1253 formabis
803 1196 966 1272 agrestem,

87 1277 108 1339 J
111 1299 158 1338 arn
174 1277 280 1338 vitulos
295 1278 426 1354 hortare,
443 1277 579 1358 viamque
595 1277 696 1339 insiste
713 1276 864 1355 domandi,

88 1363 169 1425 Dum
183 1362 286 1424 faciles
302 1362 392 1424 animi
402 1363 559 1445 juvenum,
576 1362 647 1424 dum
661 1362 775 1424 mobilis
790 1369 884 1425 aetas.

87 1449 136 1511 Ac
152 1449 280 1530 primum
294 1448 378 1510 laxos
393 1449 476 1509 tenui
491 1447 528 1510 de
544 1449 653 1510 vimine
669 1448 775 1510 circlos

89 1534 208 1597 Cervici
223 1534 384 1609 subnecte3
408 1534 526 1612 dehinc,
542 1535 594 1595 ubi
607 1534 702 1596 libera
717 1535 794 1596 colla

91 1619 218 1683 Servilio
234 1620 397 1698 adsuerint,
412 1620 483 1703 ipsis
499 1641 515 1682 e
531 1620 685 1703 torquibus
701 1626 786 1703 aptos

87 1706 109 1768 J
111 1727 189 1788 unge
206 1727 304 1788 pares,
322 1712 353 1767 et
369 1727 442 1788 coge
458 1706 585 1788 gradum
600 1706 736 1768 conferre
747 1707 912 1789 juvencos;

88 1791 191 1875 Atque
206 1792 263 1854 illis
273 1792 337 1875 jam
354 1813 443 1875 saepe
459 1798 543 1854 rotae
559 1792 709 1854 ducantur
723 1792 827 1854 inanes

89 1878 150 1939 Per
164 1885 287 1958 terram,
304 1883 334 1940 et
348 1899 462 1940 summo
478 1879 605 1960 vestigia
620 1879 743 1961 pulvere
759 1878 897 1959 signent:

89 1964 163 2026 Post
178 1963 275 2025 valido
290 1964 388 2026 nitens
404 1965 458 2026 sub
474 1964 605 2047 pondere
622 1964 741 2046 faginus
757 1964 821 2027 axis

89 2049 253 2132 Instropat,
269 2056 300 2112 et
310 2051 431 2133 junctos
447 2058 526 2113 terno
541 2051 643 2112 trahat
657 2071 763 2112 aereus
779 2049 875 2112 orbes.

89 2135 213 2198 Interea
228 2136 300 2219 pubi
314 2136 474 2199 indomitae
490 2158 549 2198 non
565 2137 701 2218 gramina
716 2142 843 2213 tantum,

89 2222 121 2284 N
123 2243 156 2284 ec
173 2243 277 2284 166666
292 2222 416 2284 salicum
429 2223 561 2301 frondes,
577 2224 737 2305 ulvamque
753 2222 927 2305 palustrem,

92 2307 152 2370 Sed
167 2308 318 2370 frumenta
332 2329 422 2369 manu
439 2329 543 2391 carpes
559 2315 633 2370 sata.
663 2308 747 2371 .Nec
763 2307 816 2370 tibi
831 2306 924 2384 16166,

89 2394 176 2456 More
192 2401 323 2477 patrum,
338 2394 427 2456 nivea
440 2394 607 2477 implebunt
620 2394 794 2457 mulctraria
808 2413 930 2469 vaccae,

92 2479 153 2543 Sed
168 2487 231 2542 tota
245 2480 276 2541 in
291 2480 395 2543 dulces
411 2488 586 2543 consument
600 2481 694 2543 ubera
708 2486 803 2542 natos.

135 2565 189 2629 Sin
204 2565 243 2628 ad
256 2566 336 2629 bella
350 2567 444 2649 magis
461 2567 593 2629 studium
609 2573 781 2649 turmasque
796 2565 923 2641 feroces,

90 2651 156 2714 Aut
171 2652 292 2735 Alphea
306 2653 378 2715 rotis
393 2653 525 2737 praelabi
540 2653 663 2714 11616166
678 2653 778 2730 Pisae,

92 2738 133 2799 Et
147 2737 168 2800 J
170 2738 232 2801 ovis
246 2739 278 2800 in
292 2739 360 2801 luco
376 2760 481 2801 currus
498 2739 612 2821 agitare
628 2740 781 2800 volantes:

91 2824 210 2886 Primus
226 2824 296 2906 eqni
309 2824 394 2886 labor
409 2831 465 2903 est,
482 2825 593 2886 animos
610 2831 699 2906 atque
716 2845 799 2886 arma
815 2822 917 2898 videre

91 2909 274 2988 Bellantum,
289 2910 437 2992 lituosque
453 2911 526 2992 pati,
543 2916 703 2993 tractuque
719 2916 890 2992 gementem

92 2995 185 3057 Ferre
202 3001 309 3073 rotam,
325 3002 356 3057 et
372 2996 487 3058 stabulo
503 2998 603 3058 frenos
619 2996 722 3058 audire
738 3001 894 3069 sonantes;

92 3081 168 3143 Turn
183 3081 279 3164 magis
294 3087 384 3164 atque
401 3083 496 3165 magis
510 3083 626 3145 blandis
643 3082 775 3165 gaudere
791 3078 927 3163 magistri

92 3166 256 3246 Laudibus,
272 3174 304 3229 et
318 3169 439 3250 plausae
455 3170 583 3231 sonitum
600 3169 725 3232 cervicis
740 3189 852 3231 amare.

93 3252 196 3334 Atque
211 3253 287 3314 haec
298 3254 362 3336 jam
377 3255 471 3335 primo
487 3255 628 3337 depulsus
644 3254 681 3316 ab
697 3255 789 3316 ubere
805 3252 909 3315 matris

92 3339 228 3417 Audeat,
242 3339 333 3420 inque
350 3339 445 3400 116616
460 3341 512 3402 det
527 3340 662 3402 mollibus
678 3362 729 3402 ora
745 3338 881 3423 capistris

93 3424 259 3504 invalidus,
277 3425 426 3506 etiamque
442 3432 584 3504 tremens,
601 3427 690 3488 etiarn
705 3427 816 3489 inscius
832 3424 908 3488 aevi.

94 3511 150 3590 At,
166 3511 261 3573 tribus
277 3511 389 3572 exactis
405 3512 455 3573 ubi
471 3519 579 3594 quarta
595 3514 746 3595 acceperit
761 3521 871 3590 aeetae,

95 3596 227 3678 Carpere
243 3619 311 3659 mox
326 3618 434 3681 gyrum
450 3598 583 3680 incipiat,
599 3599 800 3681 gradibusque
816 3616 922 3661 sonare

95 3682 282 3765 Compositis,
298 3683 455 3767 sinuetque
472 3685 587 3746 alterna
603 3685 750 3746 volumina
765 3703 906 3758 crnrurn3

97 3768 202 3851 Sitque
218 3770 364 3832 laboranti
380 3771 480 3833 similis
493 3790 501 3848 3
525 3778 589 3832 tum
605 3771 739 3833 cursibus
755 3791 854 3851 auras,
