2496 4334
96 263 158 326 128
431 281 461 326 r.
487 279 630 327 vinorum
651 279 796 327 menonis

95 433 233 496 Postibus
248 431 381 495 adversis
395 433 465 514 figo,
481 437 513 495 et
526 454 591 496 rem
602 433 732 498 carmine
751 434 853 516 signo:

94 518 230 580 Annuus
245 534 331 579 nanc
346 535 389 578 nn
403 518 532 580 Durius
548 534 738 582 worumnus
753 536 855 581 namn.

95 603 245 686 Linquere
261 609 326 664 tum
340 609 443 686 portus
452 604 555 686 jubeo,
571 610 603 666 et
618 604 771 666 considere
788 604 935 666 transtris.

96 689 241 751 Certatim
257 687 328 750 socii
342 688 454 750 feriunt
468 709 562 767 mare,
578 695 609 751 et
624 710 755 771 aequora
769 696 904 752 verrimt.

95 773 243 835 Protenus
259 771 354 835 adrias
369 772 541 835 Phaeacum
559 774 765 836 abscondimus
780 795 876 854 arces,

95 858 256 941 Litoraque
273 857 358 939 Epiri
372 858 509 940 legimus,
525 865 672 942 portuque
687 860 818 921 subimus

96 943 238 1022 Chaonio,
254 948 286 1004 et
300 943 410 1004 celsam
425 943 566 1005 Buthroti
581 944 750 1006 accedimus
764 944 879 1006 urbem.

137 1028 197 1091 Hic
213 1027 393 1090 incredibilis
407 1049 508 1090 rerum
522 1028 602 1091 fama
617 1035 744 1111 occupat
759 1050 857 1108 aures,

94 1113 267 1176 Priamiden
280 1113 430 1174 Helenum
447 1111 554 1176 Graias
569 1134 695 1260 regpare
710 1134 766 1196 per
780 1114 880 1193 urbes,

96 1197 169 1260 Con
156 1199 241 1282 Jugio
255 1197 409 1260 Aeacidae
425 1198 535 1296 Pyrrhi
550 1199 735 1280 sceptrisque
750 1199 888 1281 potitum,

94 1284 136 1346 Et
123 1291 203 1366 ttpa
203 1284 246 1346 rio
190 1282 515 1346 tAndromachen
507 1290 616 1345 rterum
631 1283 753 1346 cessisse
769 1285 885 1346 marito.

96 1368 264 1452 Obstupui;
286 1368 418 1465 miroque
433 1368 587 1431 incensum
606 1389 661 1451 pec
664 1375 712 1430 tus
734 1389 833 1431 amore

96 1453 323 1537 Compellare
296 1475 403 1532 mrum,
419 1460 450 1515 et
465 1473 551 1515 casus
567 1474 745 1535 cognoscere
761 1460 870 1516 tantos.

94 1538 275 1620 Progredior
289 1545 388 1621 portu,
404 1539 513 1600 classes
529 1544 560 1600 et
572 1538 661 1600 litora
674 1539 811 1620 hnquens
825 1558 833 1616 ;

97 1623 250 1687 Solemnes
264 1629 329 1684 tum
342 1623 418 1685 forte
434 1623 527 1705 dapes
543 1629 575 1685 et
588 1623 687 1685 tristia
704 1623 792 1702 dona,
994 1698 998 1707 Ι

94 1709 177 1772 Ante
192 1709 295 1770 urbem
310 1709 342 1771 in
354 1710 433 1787 luco,
447 1709 514 1770 falsi
531 1706 689 1771 Simoentis
704 1707 744 1770 ad
757 1707 879 1787 undam,

94 1794 222 1856 Libabat
237 1794 330 1856 cineri
345 1792 568 1872 Andromache,
583 1793 751 1875 Manesque
766 1795 893 1857 vocabat

95 1880 279 1941 Hectoreum
295 1879 334 1941 ad
348 1880 505 1956 tumulum,
520 1878 608 1940 viridi
623 1899 712 1961 quem
727 1879 838 1961 cespite
853 1878 984 1960 inanem,

96 1964 138 2026 Et
149 1965 291 2046 geminas,
308 1983 442 2026 caussam
459 1964 610 2048 lacrymis,
626 1969 797 2026 sacraverat
819 1984 897 2027 aras.

17 2048 23 2059 '
95 2049 140 2114 Ut
154 2071 201 2112 me
220 2049 372 2133 conspexit
386 2048 566 2128 venientem,
581 2055 613 2110 et
627 2048 716 2111 Troia
731 2049 842 2111 circum

95 2135 192 2198 Arma
204 2155 305 2197 amens
320 2134 414 2196 vidit:
437 2134 553 2215 magnis
568 2134 712 2196 exterrita
727 2134 875 2214 monstris,

95 2219 228 2301 Diriguit
242 2220 308 2282 visu
321 2219 352 2280 in
366 2219 464 2281 medio
479 2238 486 2294 ;
514 2219 595 2281 calor
609 2240 676 2281 ossa
689 2219 810 2302 rehquit
825 2238 833 2295 ;

95 2304 232 2383 Labitur,
247 2311 279 2366 et
291 2305 380 2385 longo
394 2304 444 2366 vix
458 2303 579 2366 tandem
593 2310 728 2386 tempore
742 2305 843 2367 fatur:

95 2389 217 2454 Verane
234 2395 265 2450 te
281 2388 383 2466 facies,
398 2410 488 2451 verus
501 2388 573 2451 mihi
587 2390 709 2451 nuntius
724 2390 823 2468 affers,

96 2474 177 2537 Nate
194 2473 275 2536 dea?
299 2474 411 2537 vivisne
425 2473 438 2535 i
462 2481 525 2553 aut,
537 2475 562 2536 si
576 2476 628 2536 lux
643 2476 721 2537 alma
734 2474 869 2554 recessit,

95 2560 212 2622 Hector
226 2560 339 2621 ubit
292 2564 361 2622 cst.
351 2558 364 2605 ‘²
408 2558 492 2622 Dixit
479 2560 725 2642 alacrymasque
741 2560 904 2639 effirdit‚t
872 2566 904 2623 et
918 2581 1035 2623 omnem
1082 2599 1084 2603 ,

95 2644 237 2727 Implevit
251 2646 379 2707 clamore
394 2646 502 2707 locum.
547 2645 609 2708 Vix
623 2665 721 2727 pauca
735 2644 848 2707 furenti

98 2728 208 2791 Sub
156 2736 286 2814 icio,
301 2730 376 2792 raris
392 2730 527 2792 turbatus
541 2730 663 2792 vocibus
677 2728 780 2792 hisco:

59 2754 175 2877 '““¹Vivo
190 2815 340 2897 equidem,
352 2815 501 2897 vitamque
518 2820 652 2877 extrema
665 2835 720 2897 per
734 2813 831 2877 omnia
846 2814 933 2878 duco.

96 2899 146 2961 Ne
162 2899 285 2962 dubita:
315 2920 385 2962 nam
399 2921 472 2962 vera
486 2899 579 2962 vides

96 2984 188 3049 Heu!
213 2985 278 3067 quis
294 2991 324 3047 te
340 3005 425 3048 casus
440 2985 588 3082 dejectam
603 2984 728 3067 conjuge
751 2991 834 3048 tanto

97 3069 239 3154 Excipit.
204 3069 242 3131 ι’)
259 3076 311 3132 aut
325 3091 402 3153 quae
418 3071 508 3152 digna
523 3077 570 3132 sat
570 3071 594 3132 is
557 3069 729 3132 tfortuna
741 3069 867 3132 revisit?

96 3155 238 3218 Hectoris
253 3154 463 3218 Andromache
480 3155 620 3239 Pyrrhin'
638 3154 784 3217 connubia
798 3154 923 3218 servas?

97 3238 217 3322 Dejt
157 3241 203 3302 eci
204 3241 406 3318 tirulsetum,t
393 3240 549 3302 tdemissa
563 3261 636 3303 voce
652 3241 754 3302 locuta
771 3247 837 3303 est.

99 3323 125 3386 0
141 3324 213 3386 felix
227 3346 288 3387 una
302 3331 371 3387 ante
388 3326 459 3387 alias
475 3325 665 3388 Priameia'
638 3345 734 3406 virgo,

97 3410 247 3473 Hostilem
262 3409 300 3472 ad
312 3410 458 3471 tumulum
472 3409 578 3493 Trojae
595 3410 649 3472 sub
664 3409 816 3472 moenibus
831 3411 910 3492 altis,

97 3495 118 3559 J
120 3517 190 3559 ussa
201 3495 286 3574 mori,
302 3515 378 3577 quae
394 3495 479 3558 sortit
467 3501 514 3557 tus
530 3517 589 3557 non
603 3495 726 3577 pertulit
739 3495 826 3575 ullos,

98 3580 165 3643 Nec
182 3581 302 3644 victoris
315 3581 380 3642 heri
395 3580 495 3661 tetigit
509 3587 580 3663 capt
580 3580 628 3642 iva
643 3581 760 3643 cubile.
754 3580 760 3625 ¹

98 3664 175 3738 Nos,
190 3673 242 3748 pat
242 3666 287 3727 ria
300 3665 432 3743 incensa,
448 3665 565 3728 diversa
579 3686 633 3747 per
648 3685 779 3747 aequora
793 3671 910 3746 vectae,

101 3739 208 3832 Stirpis
222 3748 378 3813 Achilleae
392 3751 487 3813 fastus
452 3752 710 3834 uajuvenemque
725 3752 897 3833 superbum,
