2496 4334
442 282 601 329 Annnmos
624 283 688 328 ΠΒ.
712 284 736 328 1.

74 433 214 518 Tempore
224 436 289 520 jam
303 456 341 498 ex
355 435 404 499 illo
420 457 506 498 casus
520 437 591 498 mihi
607 436 742 518 cognitus
756 437 838 498 urbis

72 519 226 603 Trojanae,
242 542 408 602 nomenque
423 527 518 598 tuum,
534 542 681 603 regesque
697 521 826 602 Pelasgi.

69 605 140 686 Ipse
154 606 246 668 hostis
260 605 391 668 Teucros
406 606 514 687 insigni
527 606 616 668 laude
631 606 758 683 ferebat,

71 688 173 772 Seque
188 698 285 753 ortum
297 691 419 772 antiqua
434 691 616 753 Teucrorum
631 690 668 752 ab
684 691 776 772 stirpe
792 690 919 751 volebat.

71 773 172 846 Quare
187 776 279 857 agite,
294 797 322 854 o,
338 777 437 854 tectis,
447 777 587 859 juvenes,
604 775 755 837 succedite
771 775 889 836 nostris.

68 859 122 920 Me
138 881 256 943 quoque
272 881 326 942 per
339 861 446 922 multos
461 861 562 922 similis
574 861 693 921 fortuna
706 860 822 921 labores

66 943 89 1006 J
90 950 224 1006 actatam
237 945 294 1007 hac
310 945 429 1007 demum
443 945 535 1007 voluit
523 944 710 1006 tconsistere
728 950 820 1005 terra.

66 1028 140 1090 Non
154 1029 260 1111 ignara
273 1030 343 1091 mali
357 1030 471 1091 11111111
486 1050 660 1092 succurrere
676 1028 767 1090 disco.

47 1110 164 1176 Sic
179 1121 342 1176 memorat:
309 1115 452 1176 tsimul
467 1114 616 1176 Aenean'
609 1136 640 1175 m
654 1114 738 1194 regia
753 1112 836 1175 ducit

68 1197 185 1275 11111,
208 1199 294 1261 simul
308 1199 409 1261 divum
423 1200 540 1298 templis
554 1198 658 1260 indicit
672 1199 822 1259 honorem.

67 1282 136 1344 Nec
151 1284 248 1349 minus
262 1284 376 1346 1111111
390 1285 476 1346 sociis
491 1285 530 1346 ad
544 1284 631 1346 litora
644 1284 735 1344 mittit

67 1368 187 1450 Viginti
201 1375 312 1448 tauros,
326 1390 501 1451 magnorum
515 1369 666 1431 horrentia
680 1374 800 1430 centum

66 1452 194 1534 Perga
183 1474 280 1532 suum,
293 1455 419 1552 pingues
435 1461 504 1516 1111
504 1476 555 1516 um
570 1475 638 1516 cum
651 1460 713 1514 mat
700 1453 794 1515 tribus
810 1473 913 1535 agnos,

66 1537 199 1601 Munera
212 1539 273 1601 laet
261 1539 414 1637 titiamque
430 1540 480 1601 dii.

26 1643 54 1653 “
109 1622 157 1684 At
170 1622 273 1686 domus
286 1625 409 1686 interior
425 1625 520 1705 regali
534 1623 690 1721 splendida
706 1623 780 1684 luxu

16 1719 20 1727 ’
65 1706 232 1770 Ι111111111
234 1709 420 1791 ,mediisque
435 1715 542 1792 parant
557 1709 690 1771 convivia
704 1707 811 1770 tectis:

64 1792 145 1854 Arte
161 1756 313 1856 laboiatae
327 1800 438 1873 vestes,
453 1800 591 1875 ostroque
608 1793 753 1890 superbo;

64 1877 181 1959 Ingens
196 1885 353 1960 argentum
367 1879 476 1941 mensis
480 1879 701 1964 ,caelataque'
693 1900 725 1939 1n
739 1898 811 1940 auro

64 1963 172 2024 Fortia
185 1963 247 2024 fact
234 1968 266 2025 ta
279 1969 332 2046 pat
332 1985 409 2041 rum,
425 1965 516 2026 series
531 1963 702 2045 longissima
716 1984 827 2060 rerum,

64 2047 128 2110 Per
142 2053 188 2110 tot
203 2047 335 2110 ducta
307 2069 385 2110 viros
400 2048 539 2146 antiquae
553 2049 589 2110 ab
605 2049 717 2129 origine
733 2047 841 2128 gentis.
870 2070 894 2127 g

109 2132 285 2194 Aeneas-
244 2153 394 2216 -neque
409 2134 487 2194 enim
501 2133 615 2215 patrius
630 2133 790 2195 consistere
805 2132 936 2195 mentem

64 2216 179 2280 Passus
194 2237 328 2280 amor-
339 2218 475 2300 rapidum
490 2218 529 2280 ad
543 2239 635 2280 naves
651 2218 814 2300 praemittit
828 2217 980 2298 Achaten,

64 2301 199 2365 Ascanio
214 2303 294 2364 ferat
307 2303 393 2381 haec,
408 2302 563 2385 ipsumque
579 2303 617 2364 ad
632 2303 748 2365 moenia
762 2303 863 2365 ducat.

66 2385 172 2449 Omnis
186 2387 218 2448 in
231 2386 363 2450 Ascanio
379 2389 502 2449 carita
455 2395 502 2449 111
502 2394 602 2450 11111
616 2388 757 2485 parentis

66 2471 200 2534 Munera
213 2493 285 2553 prae
287 2478 380 2551 terea,
395 2473 495 2534 iliacis
512 2480 597 2554 crept
598 2495 616 2535 a
629 2473 733 2550 ruinis,
766 2534 767 2537 ,

64 2555 160 2618 Ferre
171 2556 269 2639 jubet,
284 2558 429 2655 pallam'
407 2559 499 2656 signis
514 2578 660 2655 auroque
660 2559 818 2659 rigentem,

65 2641 147 2702 Et
123 2661 236 2703 circum
236 2647 351 2703 textum
362 2611 480 2704 1111111
480 2638 652 2703 velamen
635 2642 709 2704 acala
710 2642 773 2719 tho,

65 2723 200 2787 Ornatus
215 2724 348 2807 Argivae
364 2727 500 2788 Helenae
504 2748 600 2808 ,quos
615 2727 666 2788 illa
679 2722 828 2808 Mycenis,

64 2809 217 2891 Pergama
232 2831 323 2892 quum
337 2818 388 2892 pet
389 2818 454 2872 eret
468 2812 712 2892 inconcessosque
728 2811 934 2894 Hymenaeos,

65 2894 238 2973 Extulerat,
251 2895 354 2956 matris
370 2895 470 2957 Ledae
485 2897 617 2957 mirabile
633 2896 751 2957 donum.

65 2979 232 3041 Praeterea
247 2986 408 3062 sceptrum,
424 2981 518 3042 Ilione
535 2981 614 3062 quod
628 2987 763 3062 gesserat
777 2980 856 3058 olim,

63 3063 200 3125 Maxima
214 3070 351 3126 natarum
365 3065 488 3143 Priami,
504 3067 636 3147 colloque
651 3065 758 3126 monile

64 3148 243 3227 Baccatum,
259 3155 290 3210 et
304 3148 452 3230 duplicem
467 3151 590 3231 gemmis
605 3169 736 3230 auroque
752 3167 900 3210 coronam.

63 3233 153 3294 Haec
170 3232 314 3310 celerans,
330 3233 388 3295 iter
404 3234 443 3295 ad
457 3255 549 3295 naves
563 3234 706 3295 tendebat
720 3232 865 3294 Achates.

47 3370 54 3389 .,
107 3317 155 3379 At
170 3317 323 3400 Cytherea
335 3339 427 3379 novas
443 3325 533 3396 artes,
549 3339 626 3380 nova
640 3324 760 3400 pectore
776 3324 876 3379 versat

65 3401 214 3464 Consilia:
238 3407 273 3462 ut
286 3402 393 3464 faciem
407 3409 538 3464 mutatus
554 3408 585 3464 et
599 3423 651 3464 ora
667 3402 782 3484 Cupido

62 3487 125 3548 Pro
141 3485 222 3548 dulci
236 3485 368 3548 Ascanio
384 3487 495 3565 veniat,
511 3487 653 3568 donisque
669 3488 819 3549 furentem

62 3569 214 3633 Incendat
229 3570 374 3651 reginam,
390 3577 480 3653 atque
495 3572 609 3633 ossibus
623 3571 754 3653 implicet
768 3572 868 3651 ignem
881 3589 889 3644 3

63 3655 184 3737 Quippe
199 3655 320 3716 domum
333 3657 419 3717 timet
434 3657 602 3738 ambiguam
617 3655 781 3738 Tyriosque
796 3655 953 3734 bilingues,

62 3740 135 3803 Urit
149 3745 235 3802 atrox
249 3739 272 3802 J
272 3761 342 3818 uno,
358 3746 389 3802 et
403 3741 458 3884 111)
473 3748 591 3803 noctem
606 3760 679 3802 cura
692 3745 836 3801 recursat.
