2496 4334
98 235 138 300 90
436 255 465 300 P.
489 253 631 301 vuaenm
652 252 797 302 naaorus

141 407 223 471 Huic
240 408 348 492 conjux
365 405 521 492 Sychaeus
537 413 614 487 erat,
630 406 790 471 ditissimus
804 411 870 493 agri

99 493 292 572 Phoenicum,
308 499 340 555 et
353 514 461 575 magno
475 493 601 555 miserae
618 493 744 556 dilectus
759 515 879 573 amore3

99 578 156 643 Cui
171 584 257 661 pater
271 579 414 640 intactam
429 579 566 656 dederat,
581 578 742 661 primisque
753 579 878 662 jugaret

99 663 264 727 Ominibus.
312 662 373 726 Sed
388 684 483 745 regna
497 663 571 747 Tyri
586 684 745 746 germanus
759 664 889 730 habebat

97 749 286 834 Pygmalion,
302 750 416 811 scelere
432 755 500 810 ante
516 748 588 811 ahos
604 749 759 810 immanior
773 771 884 814 omnes.

98 831 179 908 Quos
193 834 272 896 inter
286 834 401 896 medius
417 834 499 896 venit
513 833 606 896 furor.
652 833 708 896 Ille
727 832 898 917 Sychaeum

25 935 88 989 χ
97 920 211 1002 Impius
227 924 296 982 ante
312 940 379 982 aras
395 925 485 1001 atque
500 919 566 980 auri
581 939 688 981 caecus
703 939 814 999 amore,

99 1004 183 1068 Clam
198 1005 278 1067 ferro
291 1005 445 1066 incautum
459 1008 592 1085 superat,
608 1024 730 1066 securus
745 1025 879 1068 amorum

99 1089 285 1165 Germanae3
307 1090 479 1171 factumque
496 1088 547 1150 diu
562 1089 681 1168 celavit,
697 1096 729 1151 et
743 1110 876 1172 aegram,

97 1175 197 1238 Multa
210 1176 306 1237 malus
321 1175 473 1253 simulans,
488 1194 566 1236 vana
581 1194 633 1256 spe
649 1175 721 1237 lusit
735 1184 896 1239 amantem.

98 1260 170 1342 Ipsa
184 1260 238 1322 sed
252 1260 283 1321 in
298 1260 406 1322 somnis
419 1259 566 1321 inhumati
580 1260 662 1321 venit
675 1260 773 1342 imago

99 1343 258 1428 Coujugis;
282 1366 334 1407 ora
348 1344 442 1407 modis
458 1345 596 1406 attollens
611 1345 721 1427 pallida
735 1345 827 1426 miris,

22 1444 25 1449 '
100 1429 244 1493 Crudeles
259 1450 326 1492 aras
341 1430 527 1513 trajectaque
541 1436 663 1512 pectora
677 1430 757 1492 ferro

98 1515 130 1576 N
132 1516 245 1594 udavit,
262 1536 444 1598 caecumque
457 1514 561 1577 domus
576 1516 673 1577 scelus
689 1536 774 1578 omne
789 1517 909 1579 retexit.

99 1601 175 1663 Tum
190 1601 322 1663 celerare
337 1600 440 1682 fugam
454 1600 610 1683 patriaque
626 1599 772 1663 excedere
787 1601 905 1682 suadet,

98 1685 312 1768 Auxiliumque
326 1686 393 1749 viae
408 1692 526 1749 veteres
541 1686 648 1747 tellure
661 1686 791 1748 recludit

99 1771 277 1850 Thesauros,
292 1771 426 1853 ignotum
441 1770 558 1852 argenti
572 1770 687 1853 pondus
703 1776 734 1832 et
749 1771 825 1833 auri.

99 1855 157 1918 His
172 1861 318 1918 commota
331 1856 435 1937 fugam
452 1854 532 1918 Dido
545 1856 699 1939 sociosque
714 1857 850 1938 parabat.

101 1941 299 2020 Conveniunt,
314 1941 421 2023 quibus
435 1946 488 2002 aut
502 1940 603 2003 odium
618 1940 740 2004 crudele
751 1942 887 2026 tyranni,

98 2026 165 2089 Aut
178 2033 276 2089 metus
291 2046 362 2088 acer
376 2032 442 2088 erat
450 2046 458 2102 ;
481 2047 585 2105 naves,
600 2047 678 2109 quae
693 2026 770 2089 forte
784 2033 908 2110 paratae

100 2111 282 2194 Corripiunt,
297 2118 480 2193 onerantque
492 2131 579 2174 auro.
624 2111 789 2174 Portantur
802 2112 886 2175 avari

99 2196 301 2281 Pygmalionis
317 2217 388 2279 opes
402 2197 508 2278 pelago
520 2217 528 2271 ;
552 2195 613 2258 dux
626 2197 740 2262 femina
754 2199 839 2262 facti.

99 2281 257 2344 Devenere
272 2283 363 2359 locos,
377 2282 428 2342 ubi
442 2301 521 2343 nunc
536 2281 671 2363 ingentia
685 2283 782 2344 cernis

98 2365 220 2429 Moenia
235 2373 467 2450 surgentemque
482 2387 576 2429 novae
593 2365 783 2448 Carthaginis
799 2386 910 2446 arcem,

98 2452 288 2535 Mercatique
304 2454 408 2531 solum,
423 2452 496 2514 facti
511 2451 680 2514 denomino
696 2451 837 2536 Byrsam,

99 2538 228 2600 Taurino
243 2544 388 2621 quantum
402 2536 723 2621 possent'oircumdare
738 2543 835 2619 tergo.

101 2621 162 2685 Sed
177 2644 229 2685 vos
246 2624 297 2706 qui
311 2623 443 2702 tandem,
460 2622 566 2704 quibus
581 2629 634 2684 aut
648 2622 770 2685 venistis
785 2622 823 2684 ab
838 2621 908 2700 oris,

99 2707 203 2780 Quove
218 2709 327 2771 tenetis
341 2708 423 2771 iter?
448 2707 611 2781 Quaerenti
624 2708 733 2769 talibus
747 2708 796 2769 ille

101 2791 270 2875 Suspirans,
285 2793 402 2875 imoque
418 2794 540 2855 trahens
554 2814 573 2854 a
587 2800 708 2874 pectore
723 2813 844 2855 vocem:

143 2877 170 2940 O
186 2878 254 2957 dea,
270 2879 295 2941 si
309 2879 404 2961 prima
418 2885 557 2960 repetens
572 2878 609 2939 ab
625 2878 738 2960 origine
753 2897 888 2960 pergam,
992 2887 1006 2930 '-

99 2962 141 3024 Et
155 2970 243 3026 vacet
258 2964 379 3026 annales
393 2970 561 3026 nostrorum
575 2963 678 3024 audire
692 2962 845 3025 laborum:
1086 2982 1091 2991 ’

98 3048 182 3111 Ante
198 3049 277 3110 diem
292 3051 392 3112 clauso
408 3054 563 3131 componet
577 3047 698 3130 Vesper
713 3046 852 3132 Olympo.

99 3133 164 3196 Nos
179 3134 269 3217 Troja
283 3136 417 3216 antiqua,
432 3135 457 3197 si
472 3141 586 3196 vestras
600 3134 678 3196 forte
693 3154 748 3215 per
764 3153 852 3195 aures

99 3218 205 3302 Trojae
220 3240 329 3282 nomen
342 3221 387 3297 iit,
404 3220 522 3282 diversa
536 3239 591 3300 per
604 3239 736 3300 aequora
750 3225 852 3280 vectos

98 3302 189 3366 Forte
205 3325 259 3366 sua
273 3304 394 3388 Libycis
410 3311 571 3387 tempestas
586 3304 701 3387 appulit
714 3303 783 3366 oris·

101 3388 176 3452 Sum
189 3389 256 3472 pius
270 3389 404 3468 Aeneas,
419 3397 520 3472 raptos
535 3389 586 3471 qui
601 3410 638 3451 ex
652 3390 736 3452 hoste
752 3389 883 3450 Penates

100 3475 203 3553 Classe
218 3477 294 3538 veho
308 3497 437 3554 mecum,
452 3475 532 3536 ferna
546 3495 636 3557 super
650 3475 774 3538 aethera
788 3479 888 3536 notus.

99 3561 219 3622 Italiam
234 3582 346 3642 quaero
361 3561 490 3643 patriam
504 3567 536 3622 et
550 3581 646 3641 genus
661 3561 698 3622 ab
713 3559 735 3622 J
736 3580 790 3622 ove
806 3579 930 3622 summo.

49 3658 80 3679 ³
99 3645 152 3707 Bis
169 3645 254 3709 denis
268 3647 437 3731 Phrygium
451 3645 611 3708 conscendi
626 3645 750 3707 navibus
765 3665 888 3727 aequor,

99 3729 199 3792 Matre
216 3730 274 3794 dea
287 3737 470 3795 monstrante
485 3732 575 3809 viam,
589 3731 661 3793 data
675 3731 739 3793 fata
753 3735 884 3792 secutis.
