2496 4334
476 300 637 348 AENEIDOS
658 300 724 348 LIB.
748 301 796 346 XI.

103 452 186 516 Huic
201 459 313 534 natam;
327 455 402 518 libro
417 460 449 517 et
462 454 591 517 silvestri
606 455 712 517 subere
727 453 870 533 clausam,

104 539 255 621 Implicat,
270 546 361 621 atque
375 540 504 603 habilem
518 539 634 601 mediae
650 539 837 620 circumligat
851 540 966 602 hastae.

104 621 203 695 Quam
217 623 323 686 dextra
337 625 451 706 ingenti
464 625 576 687 librans
591 624 633 686 ita
647 624 686 687 ad
702 624 825 686 aethera
838 626 935 687 fatur:

102 707 207 786 Alma,
222 708 276 769 tibi
289 709 378 787 hanc,
394 711 548 771 nemorum
564 709 683 787 cultrix,
699 708 826 771 Latonia
839 710 935 790 virgo,

102 792 174 875 Ipse
190 799 276 875 pater
289 793 431 856 famulam
445 815 538 856 voveo
552 813 560 869 3
583 799 636 855 tua
650 794 746 876 prima
760 791 815 875 per
830 814 918 856 auras

102 877 178 939 Tela
192 883 296 940 tenens
312 879 436 961 supplex
450 878 565 940 hostem
580 878 668 960 fugit.
714 877 841 961 Accipe,
857 883 962 956 testor,

101 961 182 1024 Diva
197 967 290 1041 tuam,
309 984 385 1044 quae
401 983 480 1025 nunc
496 962 592 1025 dubiis
608 963 800 1026 committitur
816 963 906 1025 auris.

101 1047 198 1124 Dixit,
214 1051 246 1108 et
260 1047 389 1110 adducto
404 1053 572 1111 contortum
585 1047 691 1110 hastile
707 1049 820 1109 lacerto

100 1131 261 1194 Immittit:
285 1152 410 1194 sonuere
426 1132 523 1194 undae
537 1153 545 1207 ;
568 1133 705 1214 rapidum
720 1152 811 1214 super
829 1152 947 1194 amnem

100 1215 211 1278 Infelix
225 1215 304 1297 fugit
317 1217 348 1278 in
358 1217 459 1300 jaculo
475 1217 620 1279 stridente
640 1216 774 1279 Camilla.

100 1300 147 1361 At
161 1300 312 1379 Metabus,
328 1322 437 1383 magna
450 1301 571 1385 propius
581 1301 646 1383 jam
660 1304 810 1382 urguente
826 1305 960 1378 caterva,

99 1385 164 1447 Dat
179 1406 244 1448 sese
259 1386 360 1464 fluvio,
376 1394 467 1468 atque
480 1387 597 1448 hastam
613 1405 681 1448 cum
695 1386 810 1466 virgine
826 1385 921 1447 victor

101 1468 262 1533 Gramineo
277 1470 387 1533 donum
401 1472 519 1534 Triviae
535 1470 573 1533 de
589 1470 701 1553 cespite
716 1471 810 1531 vellit.

99 1554 133 1615 N
133 1575 172 1616 on
185 1555 269 1616 illum
282 1556 371 1618 tectis
385 1556 475 1635 ullae,
490 1577 550 1618 non
563 1555 716 1618 moenibus
731 1554 820 1616 urbes

98 1639 268 1722 Accepere,
283 1661 382 1722 neque
397 1640 460 1723 ipse
475 1661 581 1703 manus
595 1641 715 1703 feritate
732 1639 863 1702 dedisset
876 1656 885 1713 ;

99 1724 257 1787 Pastorum
271 1731 302 1786 et
316 1726 385 1788 solis
401 1726 501 1807 exegit
514 1725 662 1787 montibus
677 1745 794 1787 aevum.

98 1808 159 1871 Hic
174 1815 276 1873 natam
289 1809 321 1871 in
336 1809 432 1872 dumis
448 1811 585 1892 interque
600 1810 752 1872 horrentia
765 1810 861 1870 lustra

96 1892 284 1956 Armentalis
298 1915 394 1976 equae
406 1895 539 1957 mammis
554 1899 585 1957 et
600 1894 678 1957 lacte
693 1894 789 1956 ferino

97 1977 131 2038 N
131 1978 253 2058 utribat,
268 1980 379 2041 teneris
394 1979 569 2060 immulgens
583 1979 678 2041 ubera
691 1979 793 2040 labris.
905 2046 911 2054 ¹

97 2062 200 2145 thue
215 2063 326 2145 pedum
340 2064 441 2146 primis
455 2064 552 2126 infans
567 2063 695 2144 vestigia
710 2061 819 2145 plantis

97 2147 264 2226 Institerat,
274 2149 377 2231 jaculo
391 2149 506 2231 palmas
522 2148 649 2211 armavit
663 2153 762 2225 acuto,

100 2231 280 2315 Spiculaque
296 2254 334 2295 ex
347 2234 470 2296 humero
485 2253 595 2315 parvae
611 2232 767 2315 suspendit
781 2237 813 2293 et
827 2250 941 2293 arcum.

97 2317 158 2379 Pro
174 2317 275 2379 crinali
292 2338 375 2397 auro,
390 2339 443 2401 pro
457 2319 565 2400 longae
581 2317 713 2399 tegmine
728 2317 836 2399 pallae,

97 2402 228 2482 Tigridis
243 2403 368 2465 exuviae
383 2423 438 2485 per
452 2403 572 2465 dorsum
588 2403 733 2464 avertice
748 2401 891 2484 pendent.

97 2486 171 2554 Tela
184 2507 275 2549 manu
284 2488 348 2570 jam
363 2493 428 2548 tum
442 2493 547 2550 tenera
560 2487 687 2570 puerilia
701 2487 798 2564 torsit,

97 2571 140 2632 Et
153 2571 277 2634 fundam
291 2572 380 2634 tereti
396 2572 509 2634 circum
524 2578 615 2655 caput
630 2571 692 2654 egit
706 2571 835 2648 habena,

99 2653 359 2738 Strymoniamque
374 2677 490 2738 gruem,
507 2664 560 2719 aut
577 2657 677 2718 album
695 2656 805 2739 dejecit
822 2654 942 2716 olorem.

97 2739 214 2802 Multae
229 2740 311 2802 illam
324 2742 436 2803 frustra
450 2741 608 2824 Tyrrhena
623 2763 677 2824 per
692 2741 801 2824 oppida
811 2746 923 2801 matres

99 2824 250 2907 Optavere
265 2845 394 2901 nurum3
418 2827 480 2887 sola
495 2832 636 2888 contenta
650 2826 749 2888 Diana

96 2910 267 2972 Aeternum
280 2910 407 2972 telorum
422 2916 453 2972 et
467 2910 645 2993 virginitatis
661 2930 792 2972 amorem

97 2994 282 3057 Intemerata
297 2995 376 3056 colit.
421 2994 541 3058 Vellem
555 2995 637 3057 haud
652 2999 790 3076 correpta
804 2993 909 3056 frusset

97 3078 209 3140 Militia
222 3078 286 3155 tali,
301 3083 408 3141 conata
423 3080 572 3142 lacessere
587 3080 739 3141 Teucros:

98 3163 178 3224 Cara
192 3163 264 3224 mihi
279 3163 477 3244 comitumque
491 3164 570 3226 foret
583 3183 663 3225 nunc
677 3182 738 3223 una
752 3180 897 3222 mearum.

97 3246 215 3308 Verum
229 3267 297 3328 age,
313 3247 553 3328 quandoquidem
566 3248 636 3310 fatis
650 3251 799 3328 urguetur
813 3244 942 3323 acerbis,

97 3330 226 3408 Labere,
241 3330 397 3415 Nympha,
412 3332 490 3413 polo,
504 3332 638 3413 finesque
653 3331 747 3392 invise
762 3328 897 3408 Latinos,

97 3414 203 3476 Tristis
217 3415 268 3477 ubi
283 3416 412 3477 infausto
425 3415 618 3477 committitur
632 3416 728 3478 omine
744 3434 857 3497 pugna.

97 3498 185 3561 Haec
202 3519 287 3581 cape,
303 3506 334 3562 et
347 3499 485 3561 ultricem
499 3501 642 3582 pharetra
656 3500 796 3581 deprome
808 3497 966 3577 sagittam:

97 3582 179 3660 Hac,
195 3585 374 3665 quicumque
391 3605 509 3646 sacrum
524 3585 641 3645 violarit
655 3585 778 3644 vulnere
794 3601 913 3660 corpus,

97 3668 172 3730 'Iros
187 3667 332 3745 Italusue,
347 3668 419 3729 mihi
434 3669 547 3750 pariter
562 3668 614 3729 det
630 3667 775 3749 sanguine
791 3683 912 3747 poenae.

97 3752 171 3814 Post
186 3772 242 3833 ego
256 3753 336 3814 nube
353 3772 435 3835 caua=
442 3753 629 3815 miserandae
646 3770 752 3833 corpus
768 3755 798 3811 et
813 3768 896 3810 anna
