2496 4334
471 263 632 310 AENEIDOS
654 264 719 310 LIB.
743 264 767 310 1.

105 414 212 495 Corda,
227 418 346 480 volente
362 416 435 493 deo;
458 416 489 479 in
503 417 606 500 primis
620 418 726 500 regina
740 417 894 500 quietum;

100 501 223 586 Accipit
236 502 268 564 iu
283 502 415 565 Teucros
430 504 560 565 animum
574 510 764 585 mentemque
779 503 948 585 benignam.

141 588 189 649 At
202 587 269 670 pius
283 586 418 665 Aeneas,
433 596 619 670 pernoctem
634 589 761 671 plurima
775 590 909 667 volvens,

100 671 146 735 Ut
159 673 286 756 primum
301 672 354 734 lux
369 674 447 736 alma
461 672 533 736 data
547 680 604 753 est,
619 674 712 752 exire,
727 674 866 756 locosque

99 757 265 840 Explorare
280 778 382 837 novos,
398 779 472 841 quas
487 766 577 822 vento
592 759 753 822 accesserit
768 780 845 835 oras,

100 841 159 916 Qui
174 849 310 922 teneant,
324 865 395 906 nam
409 845 523 908 inculta
537 845 630 923 videt,
645 845 816 907 hominesne
832 845 965 923 feraene,

99 927 253 1000 Quaerere
269 929 433 1008 constituit,
448 931 593 1013 sociisque
609 937 716 992 exacta
729 930 853 992 referre.

99 1013 236 1077 Classem
249 1014 281 1076 in
295 1034 427 1077 convexo
441 1036 593 1078 nemorum
608 1016 662 1078 sub
678 1035 752 1096 rupe
768 1021 874 1077 cavata
977 1066 980 1071 .

97 1098 266 1161 Arboribus
282 1100 414 1161 clausam
428 1100 539 1162 circum
553 1107 644 1183 atque
658 1100 847 1162 horrentibus
861 1099 972 1161 umbris

100 1182 243 1260 Occuht3
265 1183 328 1267 ipse
343 1206 403 1246 uno
417 1185 553 1266 graditur
567 1186 724 1248 comitatus
738 1183 871 1263 Achate,

98 1267 179 1352 Bina
193 1289 284 1330 manu
297 1269 359 1331 lato
374 1271 506 1352 crispans
521 1271 639 1334 13311113
653 1271 743 1332 ferro.

100 1351 159 1415 Cui
172 1359 269 1417 mater
282 1354 382 1417 media
395 1375 460 1418 sese
474 1356 543 1418 tulit
557 1357 643 1419 obvia
657 1356 741 1434 silva,

98 1437 236 1519 Virginis
250 1460 282 1502 os
295 1439 489 1522 habitumque
505 1462 613 1524 gerens
628 1447 659 1503 et
674 1440 795 1522 virginis
811 1460 894 1503 arma
966 1438 969 1443 ’
1093 1463 1099 1478 ·
1124 1462 1139 1508 5

101 1521 281 1604 Spartanae,
296 1524 345 1586 vel
359 1526 454 1607 qualis
469 1546 561 1608 equos
575 1525 716 1588 Threissa
729 1525 837 1607 fatigat

54 1676 85 1690 ἱ
99 1608 286 1692 Harpalyce,
299 1610 508 1694 volucremque
522 1611 596 1693 fuga
609 1611 810 1694 praevertitur
824 1609 972 1673 Hebrum.

99 1692 133 1754 N
133 1713 241 1777 amque
256 1695 387 1756 humeris
402 1694 535 1759 demere
549 1697 678 1759 habilem
693 1694 889 1779 suspenderat
904 1717 1007 1759 arcum

99 1777 261 1859 Venatrix,
277 1778 461 1863 dederatque
476 1802 589 1844 comam
604 1782 770 1844 diffimdere
787 1781 895 1860 ventis,

98 1863 196 1926 Nuda
209 1884 300 1945 genu,
315 1865 451 1948 nodoque
466 1867 546 1929 sinus
561 1869 687 1930 collecta
700 1867 837 1928 fluentes.

98 1949 149 2011 Ac
166 1949 257 2030 prior,
273 1949 372 2029 Heus,
386 1951 493 2033 inquit,
503 1952 641 2035 juvenes,
655 1958 818 2015 monstrate
833 1971 966 2014 1110310111

98 2033 229 2097 Vidistis
244 2035 373 2119 siquam
387 2036 435 2099 hic
451 2045 601 2100 errantem
615 2038 691 2101 forte
707 2057 851 2114 sororum,

100 2117 294 2183 Succinctam
308 2123 450 2204 pharetra
464 2129 496 2184 et
509 2124 676 2185 maculosae
691 2123 821 2204 tegmine
836 2120 944 2204 lyncis,

98 2203 168 2266 Aut
183 2208 347 2288 spumantis
362 2207 426 2288 apri
441 2227 561 2270 cursum
575 2209 702 2270 clamore
717 2213 912 2290 prementem.

100 2287 152 2352 Sic
169 2289 295 2368 Venus3
319 2298 351 2355 et
364 2292 493 2356 Veneris
508 2300 612 2356 contra
626 2294 668 2356 sic
682 2293 760 2356 filius
776 2312 877 2355 orsus:
1092 2311 1139 2362 335

100 2374 195 2437 Nulla
209 2381 329 2439 tuarum
343 2376 446 2440 audita
458 2378 530 2440 mihi
544 2399 642 2461 neque
657 2378 720 2440 visa
735 2398 878 2455 sororum,

101 2459 128 2522 Ο
141 2482 287 2543 —quam
300 2469 331 2525 te
347 2484 518 2542 memorem,
532 2462 639 2545 virgo?
661 2483 790 2545 namque
805 2463 888 2524 haud
901 2460 954 2524 tibi
968 2462 1068 2525 vultus

99 2544 249 2625 Mortalis,
264 2568 320 2610 nec
335 2569 393 2610 vox
407 2548 555 2610 hominem
570 2555 675 2624 sonat;
698 2547 730 2612 ol
755 2548 813 2610 dea
828 2553 930 2624 certe3

99 2630 153 2693 An
170 2631 284 2694 Phoebi
299 2632 404 2696 soror?
427 2654 466 2695 au
480 2633 689 2718 Nympharum
704 2633 855 2715 sanguinis
869 2631 953 2695 unal

101 2714 149 2779 Sis
165 2716 249 2796 felix,
263 2724 456 2801 nostrumque
470 2720 563 2798 leves,
578 2740 795 2802 quaecumque,
810 2717 953 2797 laborem,
1094 2736 1140 2785 330

100 2801 152 2880 Et,
169 2822 229 2884 quo
244 2803 299 2865 sub
314 2804 396 2866 coelo
411 2803 543 2883 tandem,
559 2806 665 2888 quibus
680 2804 758 2867 orbis
772 2804 804 2866 in
819 2802 878 2865 oris

98 2885 269 2968 Jactemur,
284 2888 407 2951 doceas:
430 2888 526 2971 ignari
539 2890 749 2973 hominumque
763 2891 955 2973 locorumque

100 2971 256 3053 Erramus,
271 2979 360 3038 vento
374 2975 433 3037 huc
449 2980 481 3036 et
494 2976 586 3037 vastis
600 2976 739 3037 fluctibus
754 2975 824 3037 acti.

99 3056 200 3120 Multa
214 3057 268 3120 tibi
283 3066 352 3121 ante
368 3079 436 3123 3133
451 3066 553 3123 nostra
568 3061 657 3123 cadet
670 3061 768 3123 hostia
782 3060 898 3122 dextra.

142 3142 222 3205 Tum
235 3143 359 3207 Venus:
383 3145 479 3208 Haud
493 3146 631 3229 equidem
646 3146 699 3208 tali
713 3166 761 3207 me
777 3144 883 3225 dignor
896 3143 1027 3218 honore;
1094 3161 1141 3208 335

98 3227 276 3309 Virginibus
291 3229 389 3313 Tymis
403 3250 467 3292 mos
482 3239 528 3293 est
542 3239 661 3313 gestare
676 3231 859 3312 pharetram,

99 3312 317 3397 Purpureoque
332 3316 391 3378 alte
407 3336 491 3378 suras
507 3316 618 3379 vincire
634 3317 788 3378 cothurno.

99 3397 217 3460 Punica
231 3419 325 3481 regna
339 3401 434 3479 vides,
450 3401 556 3486 Tyrios
572 3408 603 3465 et
616 3400 767 3483 Agenoris
781 3400 905 3476 urbem3

102 3482 165 3546 Sed
179 3485 254 3547 fines
269 3483 387 3569 Libyci,
402 3508 497 3568 genus
511 3487 699 3550 intractabile
713 3487 801 3548 bello.

101 3568 264 3651 Imperium
278 3570 358 3634 Dido
374 3571 467 3656 Tyria
480 3573 560 3654 regit
574 3573 647 3634 urbe
663 3571 808 3654 profecta,
1094 3584 1141 3632 340

104 3654 286 3717 Germanum
300 3656 430 3738 fugiens.
475 3657 580 3740 Longa
595 3663 641 3719 est
654 3656 776 3741 injuria,
789 3657 896 3738 longae

104 3740 271 3824 Ambages3
294 3741 348 3804 sed
362 3763 603 3855 summqsequar
616 3741 737 3825 fastigia
752 3762 863 3804 rerum.

444 3825 464 3889 8
