2496 4334
430 290 591 338 1311111113
615 291 679 336 nra.
703 290 750 337 1v.
927 348 932 358 ,
1053 272 1115 338 151

119 445 214 526 Ergo,
228 445 279 508 ubi
294 443 431 527 concepit
444 445 549 523 firrias,
564 444 662 506 evicta
677 443 789 522 dolore,

73 531 279 613 Decrevitque
295 530 380 608 mori,
396 536 513 612 tempus
528 550 630 592 seeum
644 530 710 612 ipsa
724 529 903 610 modumque
1068 546 1116 594 475

74 616 191 698 Exigit,
207 623 248 695 et,
263 622 406 677 moestam
422 615 508 676 dictis
523 635 666 695 aggressa
681 635 822 690 sororem,

77 701 240 765 Consilium
254 701 339 762 vultu
354 700 440 781 tegit,
455 720 490 761 ac
506 720 590 781 spem
603 699 701 761 fronte
717 706 857 762 serenat:

75 787 196 864 Inveni,
212 806 365 867 germana,
381 785 459 846 viam
471 820 513 830 -
525 791 645 866 gratare
661 784 753 846 sorori
768 820 805 831 -

76 871 162 944 Quae
178 872 249 932 mihi
263 871 371 931 reddat
386 891 465 947 eum,
480 870 528 931 vel
544 890 579 932 eo
593 890 641 931 me
657 871 753 931 solvat
768 874 927 932 amantem.

77 957 194 1020 Oceani
207 957 298 1017 finem
307 955 396 1038 juxta
410 955 560 1035 solemque
576 954 744 1031 cadentem,

77 1042 210 1106 Ultimus
225 1040 409 1122 Aethiopum
422 1040 504 1102 locus
520 1045 577 1117 est,
591 1039 642 1101 ubi
656 1039 801 1101 maximus
816 1037 905 1101 Atlas
969 1079 972 1084 -

52 1131 59 1138 ’
76 1128 178 1190 Anam
191 1126 315 1188 humero
330 1131 450 1207 torquet
463 1124 555 1186 stellis
571 1124 744 1186 ardentibus
759 1130 880 1204 aptum:

76 1213 158 1274 Hinc
173 1211 245 1273 mihi
259 1209 410 1293 Massylae
426 1209 523 1292 gentis
537 1215 702 1271 monstrata
716 1207 866 1286 sacerdon,

77 1295 280 1379 Hesperidum
296 1295 398 1377 templi
412 1300 522 1373 castae,
538 1296 700 1377 epulasque
716 1294 837 1356 draconi

78 1382 162 1455 Quae
178 1381 279 1459 dabat,
295 1387 326 1443 et
340 1400 440 1442 saeros
455 1380 594 1442 servabat
607 1380 638 1442 in
653 1380 757 1443 arbore
774 1399 882 1456 ramos,

80 1466 232 1550 Spargens
245 1465 368 1527 humida
382 1465 471 1526 mella
485 1465 737 1547 soporiferumque
751 1485 893 1546 papaver.

78 1553 164 1615 Haec
180 1573 212 1614 se
228 1550 407 1613 carminibus
421 1551 567 1633 promittit
579 1551 693 1612 solvere
708 1556 834 1627 mentes,

79 1637 160 1711 Quas
175 1637 258 1714 velit,
274 1642 321 1698 ast
335 1635 399 1697 aliis
413 1636 503 1698 duras
517 1636 677 1697 immittere
693 1655 779 1697 curas
797 1641 805 1710 ’;

80 1721 192 1786 Sistere
208 1742 317 1803 aquam
332 1720 427 1782 fluviis
443 1727 474 1782 et
489 1727 606 1783 vertere
622 1721 720 1782 sidera
734 1726 825 1799 retro,

78 1809 308 1888 Nocturnosque
324 1806 384 1867 ciet
398 1805 505 1867 Manes
519 1826 527 1882 ;
550 1806 664 1887 mugire
680 1805 793 1868 videbis

80 1893 141 1956 Sub
157 1892 283 1976 pedibus
298 1898 420 1968 terram,
436 1897 467 1952 et
481 1891 664 1954 descendere
680 1891 827 1953 montibus
847 1910 943 1954 ornos.

78 1981 194 2057 Testor,
211 1998 291 2055 cara,
307 1977 389 2054 deca,
405 1982 437 2038 et
450 1982 493 2054 te,
509 1997 662 2058 germana,
677 1987 823 2058 tuumque

78 2065 175 2128 Dulce
191 2068 292 2146 caput,
307 2061 439 2142 magicas
453 2061 576 2123 invitam
591 2062 742 2142 accingier
757 2068 847 2123 artes.

78 2152 124 2213 Tu
139 2155 257 2212 secreta
270 2168 377 2231 pyram
390 2152 471 2208 tecto
485 2147 625 2209 interiore
641 2148 696 2208 sub
711 2167 798 2209 auras

78 2236 182 2316 Erige,
198 2240 229 2296 ct
243 2253 326 2295 arma
340 2231 407 2310 viri,
423 2232 551 2294 thalamo
566 2253 642 2314 quae
657 2233 717 2294 fixa
731 2231 851 2314 reliquit

77 2322 202 2404 Impius,
219 2317 399 2398 exuviasque
415 2338 527 2395 omnes,
542 2318 711 2399 lectumque
726 2317 872 2399 jugalem,

79 2406 144 2479 Quo
159 2404 252 2473 Perii,
267 2402 519 2484 superimponent.
564 2402 694 2464 Abolere
709 2402 830 2464 nefandi

80 2490 197 2554 Cuncta
213 2488 267 2550 viri
282 2494 473 2554 monumenta
483 2488 581 2569 juvat,
596 2493 800 2568 monstratque
815 2486 964 2549 sacerdos.

79 2579 164 2639 Haec
181 2575 270 2637 effata
284 2573 369 2646 silet;
392 2573 486 2654 pallor
501 2572 587 2634 simul
601 2578 728 2653 occupat
744 2592 806 2634 ora.

78 2663 149 2725 Non
164 2668 264 2723 tamen
279 2657 371 2719 Anna
384 2657 467 2719 novis
482 2663 657 2739 praetexere
672 2657 779 2718 funera
793 2656 885 2719 saeris

80 2747 261 2810 Germanam
276 2742 382 2818 credit,
398 2761 453 2803 nec
470 2748 567 2804 tantos
583 2743 815 2804 mente'surores

80 2831 227 2913 Concipit,
243 2833 295 2891 aut
310 2827 448 2908 graviora
464 2827 559 2905 timet,
576 2848 666 2909 quam
680 2838 775 2890 morte
794 2826 933 2911 Sychaei.
1002 2871 1004 2877 ι

79 2919 161 3000 Ergo
171 2917 256 2999 jussa
272 2918 368 2994 parat.

122 3003 166 3064 At
181 2999 296 3082 regina,
312 3017 388 3079 pyra
403 2997 548 3078 penetrah
560 2997 592 3058 in
605 2997 675 3059 sede
691 2999 745 3060 sub
762 3019 850 3061 auras

79 3090 191 3150 Erecta
204 3082 319 3166 ingenti
333 3082 429 3144 taedis
444 3089 534 3164 atque
549 3083 616 3145 ilice
628 3089 725 3162 secta,

79 3172 272 3253 intenditque
286 3169 384 3229 locum
400 3168 497 3245 sertis,
513 3174 544 3229 et
558 3168 662 3230 fronde
678 3175 798 3230 coronat

78 3256 238 3332 Funerea3
262 3274 351 3336 super
368 3253 499 3330 exuvias,
516 3274 675 3336 ensemque
691 3255 838 3333 relictum,

79 3344 275 3426 Effigiemque
291 3345 354 3401 toro
369 3339 458 3416 locat,
473 3338 555 3400 haud
570 3339 675 3420 ignara
689 3340 792 3401 futuri.

81 3429 170 3491 Stant
184 3448 254 3490 arae
268 3425 380 3487 circum
393 3443 402 3498 3
424 3430 455 3484 et
469 3424 566 3485 crines
582 3424 675 3486 effusa
689 3425 828 3487 sacerdos

78 3516 273 3577 Tercentum
288 3515 371 3571 tonat
385 3529 436 3570 ore
452 3509 534 3587 deoc,
551 3508 754 3591 Erebumque,
771 3508 939 3592 Chaosque,

78 3599 345 3681 Tergeminamqne
361 3593 512 3670 Hecaten,
529 3594 587 3655 tria
601 3594 723 3675 virginis
739 3615 792 3657 ora
806 3594 934 3656 Dianae.

79 3685 238 3767 Sparserat
253 3690 284 3743 et
297 3679 400 3740 latices
416 3678 566 3741 simulatos
581 3679 669 3741 fontis
684 3679 800 3741 Averni
813 3699 821 3754 3

76 3771 218 3851 Faleibus
233 3773 264 3830 et
278 3783 391 3827 messae
408 3763 446 3824 ad
461 3764 562 3826 lunam
576 3771 761 3846 quaeruntur
773 3763 876 3826 ahenis
