2496 4334
443 262 604 310 AENEIDOS
625 263 690 309 LlB.
714 263 738 310 Ι.

71 415 115 480 At
128 423 247 502 sperato
262 416 334 481 deos
347 438 493 481 memores
507 418 590 481 fandi
605 423 696 500 atque
711 417 842 481 nefandi.

69 501 138 565 Rex
151 510 218 566 erat
231 503 354 566 Aeneas
368 503 464 581 nobis,
479 524 538 586 quo
548 503 657 587 justior
671 504 748 565 alter

67 585 137 651 Nec
151 588 263 672 pietate
277 589 345 667 fuit,
359 609 416 650 nec
430 589 507 651 bello
520 590 615 672 major
629 594 660 650 et
672 589 781 652 armis:

69 670 203 746 Quemsi
214 674 279 737 fata
292 674 389 737 virum
403 680 534 752 servant,
549 674 575 736 si
589 674 720 736 vescitur
734 696 809 738 aura

65 757 227 838 Aetheria,
240 780 339 842 neque
353 759 452 821 adhue
467 759 636 822 crudelibus
650 761 777 823 occubat
791 760 901 823 umbris
914 781 923 837 ;

66 842 139 905 Non
152 850 261 925 metus,
277 844 370 907 officio
384 864 440 906 nec
452 850 483 906 te
499 850 628 907 certasse
643 845 772 927 priorem

65 928 235 992 Poeniteat.
282 928 360 992 Sunt
374 935 406 991 et
422 927 529 992 Siculis
544 930 712 1010 regionibus
726 931 827 1009 urbes,

64 1012 224 1096 Arvaque,
239 1013 424 1098 Trojanoque
439 1035 458 1076 a
472 1015 616 1096 sanguine
631 1016 729 1077 clarus
743 1015 883 1079 Acestes.

65 1095 246 1170 Quassatam
260 1100 355 1162 ventis
369 1100 459 1162 liceat
473 1100 639 1162 subducere
655 1101 791 1179 classem,

65 1183 108 1245 Et
122 1184 204 1247 silvis
219 1190 322 1267 aptare
337 1184 447 1262 trabes,
464 1191 495 1246 et
509 1184 655 1266 stringere
671 1205 767 1248 remos
781 1205 789 1262 3

67 1266 101 1330 Si
116 1269 208 1332 datur
222 1270 351 1348 Italiam,
365 1269 451 1332 sociis
466 1276 498 1331 et
511 1290 584 1351 rege
598 1276 731 1352 recepto,

65 1353 217 1434 Tendere,
231 1363 266 1417 ut
279 1354 399 1417 Italiam
412 1355 484 1416 laeti
499 1354 677 1437 Latiumque
692 1361 827 1437 petamus
841 1374 849 1430 ;

67 1437 122 1502 Sin
133 1440 290 1524 absumpta
306 1441 396 1518 salus,
412 1446 443 1502 et
456 1446 500 1518 te,
514 1446 601 1523 pater
615 1440 723 1523 optime
738 1439 899 1519 Teucrum,

65 1524 182 1587 Pontus
197 1526 287 1588 habet
301 1525 427 1609 Libyae,
440 1545 496 1586 nec
511 1545 580 1607 spes
589 1525 654 1608 jam
667 1530 762 1586 restat
776 1524 846 1604 Iuli,

64 1608 112 1671 At
125 1610 206 1672 freta
221 1608 358 1673 Sicaniae
372 1610 489 1688 saltem,
503 1609 649 1693 sedesque
664 1616 796 1693 paratas,

64 1694 158 1758 Unde
172 1695 232 1758 huc
247 1695 377 1774 advecti,
392 1715 554 1777 regemque
569 1701 706 1777 petamus
720 1694 866 1757 Acesten.

63 1780 188 1843 Talibus
203 1781 334 1844 [lioneus
347 1801 356 1857 3
379 1780 479 1843 cuncti
490 1781 576 1842 simul
591 1801 642 1842 ore
656 1780 824 1842 fremebant

39 1939 46 1948 ,
63 1865 269 1930 Dardanidae.

108 1951 187 2013 Tum
200 1951 331 2014 breviter
345 1951 435 2031 Dido,
450 1952 566 2014 vultum
581 1950 719 2029 demissa,
732 1949 886 2033 profatur:

65 2033 181 2098 Solvite
196 2036 284 2100 corde
296 2042 420 2116 metum,
435 2035 554 2114 Teucri,
569 2036 713 2098 secludite
729 2055 826 2098 curas.

62 2121 129 2183 Res
145 2121 221 2184 dura
234 2128 265 2184 et
279 2121 365 2203 regni
378 2122 494 2184 novitas
507 2143 555 2183 me
571 2122 642 2184 talia
657 2127 769 2204 coguut

62 2205 179 2285 Moliri,
194 2214 226 2270 et
237 2209 298 2270 late
313 2208 388 2269 fines
405 2207 527 2270 custode
543 2207 632 2269 tueri.

64 2290 140 2365 Quis
155 2313 249 2374 genus
262 2292 453 2371 Aeneadum,
468 2292 534 2374 quis
549 2291 654 2375 Trojae
669 2291 783 2354 neseiat
797 2292 913 2372 urbem,
1015 2316 1019 2323 ·

62 2376 275 2460 Virtutesque,
290 2377 440 2460 virosque,
455 2384 508 2439 aut
522 2377 598 2438 tanti
612 2376 750 2439 incendia
763 2376 860 2439 belli?

62 2462 97 2524 N
97 2483 137 2524 on
151 2462 257 2525 obtusa
270 2462 345 2525 adeo
360 2468 510 2544 gestamus
525 2468 647 2544 pectora
661 2460 755 2523 Poeni
769 2482 776 2536 ;

63 2547 133 2609 Nec
148 2553 211 2608 tem
225 2568 347 2610 aversus
361 2568 453 2630 equos
469 2547 560 2630 Tyria
576 2545 627 2610 Sol
636 2547 738 2629 jungit
752 2548 790 2609 ab
804 2549 889 2611 urbe.

65 2631 129 2694 Seu
144 2653 197 2694 vos
211 2632 391 2716 Hesperiam
404 2653 543 2713 magnam
560 2630 759 2713 Saturniaque
775 2654 858 2713 arva,

65 2716 136 2781 Sive
153 2717 260 2800 Erycis
275 2719 350 2780 fines
365 2737 526 2800 regemque
542 2717 649 2799 optatis
663 2716 816 2780 Acesten:

61 2801 186 2864 Auxilio
201 2809 280 2865 tutos
295 2802 452 2880 dimittam,
467 2802 629 2884 opibusque
640 2802 761 2884 juvabo.

61 2886 167 2949 Vultis
182 2888 273 2950 ethis
286 2908 404 2949 mecum
418 2887 531 2970 pariter
545 2887 698 2949 considere
714 2889 834 2970 regnis:

62 2972 181 3037 Urbem
194 2993 283 3054 quam
298 2979 396 3034 statuo
410 2979 511 3034 vestra
525 2978 593 3048 est;
616 2972 771 3035 subducite
786 2995 878 3037 naves
891 2994 899 3050 ;

62 3058 139 3120 Tros
155 3056 322 3141 Tyriusque
336 3056 408 3118 mihi
421 3058 502 3119 nullo
518 3057 685 3119 discrimine
701 3065 817 3138 agetur.

62 3142 169 3224 Atque
184 3142 299 3204 utinam
313 3163 367 3204 rex
380 3142 443 3224 ipse
459 3141 540 3204 Noto
555 3143 722 3224 compulsus
738 3143 842 3205 eodem

62 3228 184 3290 Afforet
197 3225 340 3290 Aeneas!
375 3226 524 3309 Equidem
538 3248 593 3309 per
606 3227 694 3288 litora
709 3233 806 3289 certos

64 3312 234 3391 Dimittam,
250 3316 281 3374 et
296 3311 409 3395 Libyae
425 3313 552 3374 lustrare
568 3317 701 3373 extrema
709 3313 833 3395 jubebo,

66 3396 100 3461 Si
116 3397 223 3478 quibus
238 3397 352 3480 ejectus
363 3397 443 3458 silvis
458 3403 511 3458 aut
524 3397 647 3457 urbibus
669 3404 760 3458 errat.

108 3481 170 3543 His
185 3481 316 3544 animum
332 3481 442 3543 arrecti
456 3481 553 3559 dietis,
569 3487 601 3542 et
615 3482 699 3543 fortis
713 3480 848 3545 Achates

66 3567 109 3629 Et
122 3572 210 3648 pater
224 3565 346 3629 Aeneas
355 3565 533 3649 jamdudum
548 3587 704 3648 erumpere
720 3568 829 3628 nubem
935 3565 937 3569 ’

64 3651 236 3714 Ardebant.
281 3651 369 3713 Prior
382 3650 511 3713 Aenean
526 3652 683 3733 compellat
696 3650 831 3713 Achates
844 3673 852 3712 t

64 3737 148 3799 Nate
165 3735 233 3813 dea,
248 3756 325 3818 quae
340 3757 419 3798 nunc
434 3737 531 3798 animo
546 3737 693 3798 sententia
708 3734 829 3816 surgit?
