2496 4334
473 256 634 303 AENEIDOS
656 258 722 303 LIB.
746 256 793 303 VI.

108 404 240 486 Funera,
257 427 349 490 quum
364 410 509 471 tumulum
525 410 746 492 praeterlabere
762 409 937 476 recentem!

108 489 176 553 Nec
192 514 267 575 puer
281 493 376 556 Iliaca
391 495 548 577 quisquam
563 495 600 556 de
616 503 706 576 gente
728 495 849 557 Latinos

108 575 146 638 In
160 583 277 639 tantum
292 599 344 660 spe
361 580 445 640 tollet
461 600 542 658 avos,
556 601 612 641 nec
628 581 756 642 Romula
771 578 921 662 quondam

107 659 177 724 Ullo
192 683 224 724 se
241 669 357 724 tantum
371 665 460 726 tellus
473 665 600 748 jactabit
616 665 743 727 alumno.

107 745 180 808 Heu
194 748 302 830 pietas,
316 749 377 810 heu
391 749 490 831 prisca
503 750 590 827 fides,
605 750 775 832 invictaque
791 750 868 812 bello

107 830 260 896 Dextera!
285 854 344 895 non
358 834 400 894 illi
415 854 446 897 se
462 834 619 916 quisquam
632 833 752 916 impune
768 834 886 896 tulisset

108 913 220 978 Obvius
235 925 359 996 armato,
375 939 428 981 sen
443 941 534 1001 quum
549 920 641 1001 pedes
655 919 714 980 iret
727 919 759 980 in
773 919 900 997 hostem,

108 998 170 1062 Seu
184 1003 348 1084 spumantis
364 1004 434 1085 equi
447 1004 564 1066 foderet
579 1005 744 1066 calcaribus
760 1023 867 1065 armos.

105 1083 188 1163 Heu,
203 1087 371 1149 miserande
387 1110 472 1170 puer,
488 1089 513 1151 si
528 1110 587 1171 qua
602 1089 665 1151 fata
680 1108 787 1170 aspera
800 1108 933 1169 rumpas,

106 1169 152 1231 Tu
166 1169 329 1234 Marcellus
345 1173 413 1234 eris.
458 1173 599 1236 Manibus
614 1174 683 1235 date
698 1173 760 1234 liha
771 1172 876 1255 plenis,

105 1254 276 1338 Purpureos
291 1279 430 1340 spargam
444 1259 542 1336 flores,
558 1259 745 1340 animamque
757 1257 874 1340 nepotis

104 1339 162 1402 His
178 1343 283 1403 saltem
298 1343 483 1405 accumulem
498 1343 592 1420 donis,
609 1350 640 1404 et
653 1343 763 1424 fungar
777 1342 859 1404 inani

104 1422 244 1488 Munere.
291 1425 341 1489 Sic
357 1433 420 1488 tota
435 1428 543 1511 passim
558 1429 680 1509 regione
696 1434 845 1508 vagantur

104 1508 196 1572 Aeris
209 1512 241 1573 in
257 1513 367 1594 campis
382 1513 461 1590 latis,
477 1519 569 1595 atque
585 1513 683 1575 omnia
696 1514 835 1574 lustrant.

106 1592 189 1666 Quae
205 1602 362 1679 postquam
376 1596 526 1660 Anchises
540 1604 644 1660 natum
659 1619 714 1681 per
728 1597 846 1679 singula
857 1596 953 1676 duxit,

104 1677 302 1762 Incenditque
318 1682 448 1744 animum
463 1683 560 1745 famae
575 1683 720 1746 venientis
733 1703 845 1760 amore,

103 1759 182 1825 Exin
196 1765 276 1827 bella
290 1766 353 1829 viro
367 1774 522 1847 memorat,
538 1788 616 1850 quae
632 1767 739 1830 deinde
755 1765 899 1848 gerenda,

103 1846 329 1934 Laurentesque
345 1852 432 1915 docet
446 1854 569 1935 populos
584 1853 747 1934 urbemque
763 1851 874 1929 Latini,

102 1932 144 1996 Et
159 1956 218 2017 quo
234 1957 383 2019 quemque
397 1938 485 2000 modo
501 1937 658 2020 fugiatque
673 1938 810 2019 feratque
825 1937 967 1999 laborem.

146 2017 224 2082 Sunt
238 2022 374 2102 geminae
391 2020 493 2085 Somni
506 2029 622 2106 portae,
638 2043 764 2105 quarum
778 2023 874 2084 altera
888 2021 985 2083 fertur

102 2102 230 2181 Cornea,
246 2128 305 2188 qua
319 2108 398 2170 reris
412 2108 506 2170 facilis
522 2108 612 2171 datur
627 2108 723 2169 exitus
738 2106 882 2182 Umbris3

98 2187 210 2252 Altera
225 2191 365 2254 candenti
379 2192 514 2274 perlecta
527 2193 626 2255 nitens
642 2193 810 2274 elephanto,

101 2271 164 2337 Sed
178 2275 255 2338 falsa
269 2277 307 2338 ad
324 2278 439 2339 coelum
453 2278 576 2340 mittunt
590 2278 734 2340 insomnia
748 2276 866 2338 Manes.

99 2357 157 2422 His
172 2361 223 2421 ubi
238 2367 301 2422 tum
315 2368 419 2423 natum
431 2362 580 2425 Anchises
595 2384 714 2444 unaque
731 2360 877 2444 Sibyllam

98 2443 297 2527 Prosequitur
310 2446 409 2525 dictis,
423 2453 569 2530 portaque
586 2448 694 2509 emittit
709 2447 842 2522 eburna3

97 2528 155 2591 Ille
170 2531 248 2593 viam
263 2538 345 2593 secat
360 2532 510 2610 adnaves,
526 2533 679 2614 sociosque
696 2531 799 2593 revisit
812 2551 821 2606 ;

97 2614 175 2677 Tum
189 2637 221 2679 se
237 2616 276 2677 ad
292 2614 414 2679 Caietae
430 2624 512 2679 recto
527 2618 587 2679 fert
600 2617 693 2678 hmite
709 2622 836 2698 portum.

95 2698 220 2764 Ancora
234 2700 272 2763 de
289 2722 377 2784 prora
386 2703 499 2785 jacitur
512 2722 520 2780 ;
544 2707 625 2765 stant
638 2702 723 2763 litore
738 2720 864 2784 puppes.
