2452 4320
451 284 613 332 snuamos
638 285 702 333 ms.
724 264 762 334 ir.

93 437 185 502 Iaxat
198 438 336 501 claustra
350 436 453 500 Sinon.
498 437 570 501 Illos
585 439 752 522 patefactus
767 439 909 507 adamas

92 523 202 586 Reddit
215 544 314 606 equus
328 543 337 598 ;
358 523 491 606 laetique
507 543 580 586 cavo
595 545 627 587 se
641 526 745 588 robore
760 536 899 608 promunt

92 608 297 671 Thessandrus
313 607 534 691 Sthenelusque
551 608 652 688 duces,
668 617 699 672 et
713 611 795 673 dirus
810 611 925 693 Ulixes,

92 691 260 756 Demissum
274 694 352 775 lapsi
365 713 419 775 per
431 692 544 772 funem,
558 694 759 778 Acamasque,
775 696 943 781 Thoasque,

93 777 270 860 Pelidesque
285 778 512 859 Neoptolemus,
527 779 696 861 primusque
711 780 870 860 Machaon,

97 863 133 925 Et
146 863 318 940 Menelaus,
333 862 441 944 etipse
457 861 515 924 doli
529 863 688 926 fabricator
701 865 810 946 Epeos.

95 947 243 1009 Invadunt
257 948 363 1008 urbem
378 966 478 1008 somno
491 947 617 1029 vinoque
632 949 776 1030 sepultam
789 970 797 1025 ;

95 1032 268 1094 (laeduntur
283 1031 399 1113 vigiles,
413 1032 564 1114 portisque
578 1034 746 1115 patentibus
760 1054 861 1096 omnes

93 1118 255 1200 Accipiunt
268 1116 374 1194 socios,
389 1122 478 1198 atquc
493 1117 612 1198 agmina
626 1119 744 1180 conscia
753 1119 895 1200 jungunt.

131 1203 263 1284 Tempus
278 1208 355 1279 crat,
370 1221 427 1283 quo
441 1201 537 1282 prima
551 1202 635 1284 quies
648 1203 819 1265 mortalibus
833 1206 931 1286 aegris

93 1287 208 1370 Incipit,
224 1291 258 1348 et
272 1286 350 1348 dono
362 1285 462 1347 divum
476 1287 643 1367 gratissima
656 1288 757 1370 serpit.

93 1371 128 1433 In
140 1371 263 1451 somnis,
278 1391 362 1448 ecce,
377 1376 446 1432 ante
461 1371 561 1433 oculos
575 1372 784 1435 moestissimus
798 1373 915 1436 Hector

93 1456 182 1518 ldsus
195 1455 304 1518 adesse
318 1455 400 1533 mibi,
415 1455 572 1538 largosque
588 1457 739 1519 effundere
753 1458 852 1535 fletus,

93 1541 240 1624 Raptatus
253 1540 385 1622 bigis,ut
394 1540 553 1623 quondam,
569 1547 691 1624 aterque
707 1547 830 1603 cruento

93 1625 232 1702 Pulvere,
246 1645 361 1708 perque
375 1624 466 1708 pedes
481 1627 623 1708 trajectus
637 1628 701 1689 lora
715 1633 873 1689 tumentes.

93 1710 151 1773 Hei
164 1711 248 1788 milri,
263 1710 359 1792 qualis
376 1708 461 1773 erat!
483 1717 626 1791 quantum
640 1718 772 1772 mutatus
787 1712 824 1772 ab
838 1712 887 1773 illo

93 1795 235 1872 Hectore,
250 1793 304 1876 qni
317 1793 395 1856 redit
409 1795 530 1856 exuvias
544 1795 664 1857 indutus
678 1794 800 1872 Achilli,

93 1879 150 1941 Vel
163 1879 306 1942 Danaum
320 1878 468 1963 Phrygios
476 1879 626 1962 jaculatus
640 1880 787 1962 puppibus
800 1880 904 1962 ignes!

95 1962 288 2046 squalentem
298 1963 430 2042 barbam,
445 1970 477 2026 et
490 1971 642 2027 concretos
657 1966 799 2046 sanguine
815 1966 922 2043 crines,

92 2048 286 2131 Vulneraque
300 2047 350 2110 illa
365 2068 485 2130 gerens,
499 2069 576 2131 quae
590 2050 702 2112 circum
716 2050 842 2132 plurima
855 2070 954 2113 muros

92 2133 220 2216 Accepit
234 2133 354 2216 patrios.
398 2133 488 2196 Ultro
501 2134 574 2196 flens
588 2134 651 2216 ipse
666 2134 788 2197 videbar

93 2217 277 2301 Compellare
288 2218 394 2298 virum,
409 2223 441 2281 et
454 2224 581 2280 moestas
596 2240 767 2300 expromere
784 2239 889 2282 voces:

94 2303 118 2365 Ο
132 2305 185 2365 lux
201 2302 381 2381 Dardaniae,
397 2324 465 2386 spes
480 2324 498 2364 o
511 2303 652 2365 fidissima
666 2304 825 2381 Teucrum,

93 2387 175 2460 Quae
190 2393 293 2450 tantae
307 2394 432 2450 tenuere
446 2386 571 2450 morae?
594 2388 701 2470 quibus
716 2389 833 2450 Hector
848 2388 886 2450 ab
900 2389 959 2450 oris

92 2473 273 2556 Exspectate
288 2472 396 2535 venis?
419 2479 455 2534 ut
469 2479 499 2533 te
514 2478 580 2554 post
594 2473 687 2534 multa
702 2479 819 2534 tuorum

91 2557 221 2635 Funera,
236 2564 303 2640 post
316 2559 412 2620 varios
426 2557 635 2639 hominumque
650 2558 789 2639 urbisque
804 2556 930 2634 labores,

91 2642 210 2705 Defessi
224 2641 402 2724 adspicimus
415 2641 430 2705 l
446 2662 523 2723 quae
538 2662 628 2703 causa
643 2642 765 2722 indigna
778 2662 897 2703 serenos

89 2727 235 2789 Foedavit
248 2725 372 2788 vultus?
395 2732 449 2788 aut
464 2746 518 2788 cur
530 2726 605 2788 haec
620 2727 744 2788 vulnera
759 2726 873 2788 cerno?

89 2812 144 2874 llle
158 2811 255 2886 nibil;
276 2832 332 2873 nec
347 2832 394 2872 mc
411 2818 604 2892 quaerentem
618 2832 696 2872 vana
709 2816 861 2873 moratur:

91 2895 150 2959 Sed
166 2896 299 2978 graviter
313 2895 441 2976 gemitus
455 2895 513 2956 imo
527 2896 697 2977 depectere
713 2895 836 2973 ducens,

89 2982 159 3044 Heu
174 2981 259 3061 fuge,
273 2986 343 3042 nate
358 2980 427 3056 dea,
442 2986 532 3061 teque
547 2980 603 3057 his,
617 2980 670 3056 ait,
685 2980 766 3061 eripe
780 2979 915 3041 flammis.

88 3066 192 3128 Hostis
207 3065 299 3127 habet
312 3085 412 3126 muros
425 3084 433 3139 ;
454 3064 514 3126 ruit
528 3064 588 3126 alto
603 3085 621 3125 a
633 3065 760 3126 culmine
776 3063 875 3145 Troja.

89 3150 144 3212 Sat
158 3149 274 3232 patriae
289 3149 467 3230 Priamoque
483 3149 595 3210 datum.
644 3147 676 3210 Si
691 3147 842 3227 Pergama
854 3147 962 3209 dextra

88 3233 219 3296 Defendi
233 3241 363 3316 possent,
380 3234 470 3295 etiam
485 3233 542 3294 hac
557 3232 681 3294 defensa
694 3232 830 3294 fuissent.

90 3317 184 3380 Sacra
196 3338 324 3400 suosque
339 3318 393 3380 tibi
407 3316 594 3379 commendat
608 3317 697 3399 Troja
711 3316 859 3379 Penates:

87 3403 153 3465 Hos
169 3422 243 3485 cape
258 3403 387 3464 fatorum
399 3402 543 3476 comites3
563 3401 609 3462 his
624 3402 740 3463 moenia
753 3422 876 3483 quaere,

87 3487 202 3568 Magna
216 3492 370 3569 pererrato
384 3493 498 3548 statues
513 3506 590 3567 quae
605 3485 733 3567 denique
749 3493 847 3568 ponto.

89 3571 139 3634 Sic
156 3572 198 3632 ait
211 3592 219 3647 ;
242 3579 274 3634 ct
287 3572 424 3633 manibus
437 3572 539 3648 vittas,
555 3570 739 3651 Vestamque
755 3578 919 3652 potentem,

88 3657 316 3738 Aeternumque
331 3656 430 3739 adytis
445 3656 531 3717 effert
546 3656 746 3737 penetralibus
759 3655 871 3735 ignem.

130 3741 257 3802 Diverso
270 3741 387 3802 interea
400 3742 564 3801 miscentur
577 3740 694 3800 moenia
707 3739 791 3799 luctu
804 3757 814 3811 ;
