2496 4334
419 296 579 342 nxxxruos
601 296 665 342 mc.
694 295 754 342 v11.
1041 277 1103 342 207

60 450 168 532 Atque
183 450 257 512 haec
273 449 415 531 ingressis
430 449 547 532 placido
562 449 642 533 prior
656 448 750 511 edidit
765 469 837 511 ore:

60 535 175 610 Dicite,
190 534 394 613 Dardanidae,
409 557 509 617 neque
524 536 603 598 enim
617 534 766 597 nescimus
781 539 813 596 et
827 532 942 611 urbem,
1055 553 1101 603 195

62 619 107 680 Et
121 641 226 700 genus,
240 620 392 702 auditique
408 620 563 682 advertitis
579 640 708 702 aequore
725 639 856 697 cursum,

63 702 144 775 Quid
159 704 284 786 petitis?
309 716 385 787 quae
401 726 507 767 caussa
520 712 601 767 rates
616 711 669 766 aut
683 705 768 787 cujus
783 709 907 785 egentes

62 788 149 850 Litus
163 789 202 850 ad
216 788 383 852 Ausonium
397 795 442 851 tot
456 811 511 872 per
524 789 603 852 vada
617 790 738 851 caerula
752 787 856 851 vexit?

65 871 135 935 Sive
151 895 251 936 errore
267 875 344 952 viae,
359 895 413 936 seu
427 875 655 957 tempestatibus
671 874 785 937 acti-

63 957 171 1029 Qualia
184 959 278 1021 multa
292 960 367 1021 mari
380 964 490 1021 nautae
507 960 705 1041 patiunturin
720 959 832 1020 alto—
1053 972 1100 1026 2200

62 1043 207 1105 Fluminis
221 1044 353 1106 intrastis
368 1045 448 1127 ripas
463 1052 610 1126 portuque
625 1043 736 1105 sedetis
750 1063 757 1118 ;

62 1127 96 1187 N
97 1149 113 1188 e
128 1128 222 1209 fugite
238 1129 407 1211 hospitium,
422 1150 498 1191 neve
513 1129 649 1211 ignorate
664 1129 786 1190 Latinos

65 1210 187 1274 Saturni
201 1218 333 1294 gentem,
348 1215 428 1275 haud
444 1214 540 1276 vinclo
553 1234 610 1275 nec
625 1213 741 1294 legibus
756 1234 894 1296 aequam,

64 1296 176 1378 Sponte
191 1319 246 1359 sua
261 1299 429 1381 veterisque
446 1299 495 1360 dei
510 1320 542 1360 se
557 1320 638 1361 more
654 1305 817 1360 tenentem.

61 1381 165 1464 Atque
182 1383 320 1466 equidem
334 1384 455 1445 memini
464 1384 597 1446 —fama
612 1390 659 1445 est
673 1383 824 1446 obscurior
838 1384 923 1447 annis
933 1411 978 1429 -—‘·
1050 1403 1098 1450 205

62 1467 221 1530 Amuncos
236 1469 279 1530 ita
292 1469 372 1530 ferre
388 1489 486 1546 senes,
500 1469 546 1530 his
561 1475 643 1530 ortus
658 1473 693 1530 ut
709 1469 789 1549 agris

61 1551 222 1616 Dardanus
237 1554 345 1616 Idaeas
360 1554 512 1638 Phrygiae
528 1553 692 1636 penetrarit
708 1553 745 1615 ad
760 1553 860 1632 urbes,

61 1637 288 1721 Threiciamque
306 1637 426 1717 Samon,
444 1660 520 1721 quae
536 1659 615 1702 nunc
633 1637 838 1702 Samothracia
853 1639 959 1702 fertur.

61 1721 142 1785 Hinc
157 1724 251 1802 illum,
269 1722 393 1807 Corythi
407 1724 564 1808 Tyrrhena
579 1724 616 1787 ab
631 1724 702 1786 sede
717 1725 896 1807 profectum,

60 1805 166 1870 Aurea
179 1829 258 1870 nunc
275 1809 345 1871 solio
362 1810 506 1872 stellantis
521 1810 606 1892 regia
620 1810 694 1871 coeli

60 1894 192 1976 Accipit,
208 1900 240 1956 et
253 1915 410 1956 numerum
424 1895 559 1956 divorum
574 1895 717 1957 altaribus
732 1895 826 1958 addit.

104 1979 241 2057 Dixerat,
258 1984 289 2040 et
304 1979 385 2042 dicta
399 1980 529 2042 Ilioneus
545 1980 587 2042 sic
603 2000 675 2042 voce
695 1987 835 2044 secutus:

60 2065 139 2142 Rex,
155 2085 250 2145 genus
266 2065 420 2147 egregium
434 2065 542 2142 Fauni,
557 2086 613 2127 nec
627 2065 766 2127 fiuctibus
781 2074 863 2128 actos

60 2148 142 2211 Atra
157 2149 276 2231 subegit
289 2150 383 2212 hiems
398 2150 505 2212 vestris
520 2150 681 2212 succedere
698 2151 797 2230 terris,
865 2221 867 2227 .

60 2233 128 2296 Nec
144 2233 226 2296 sidus
240 2235 361 2317 regione
376 2236 442 2298 viae
460 2235 567 2297 litusve
586 2235 693 2297 fefellit
706 2255 713 2310 ;

62 2319 189 2381 Consiho
203 2320 280 2381 hanc
297 2341 398 2382 omnes
413 2320 576 2402 animisque
592 2321 757 2382 volentibus
772 2321 877 2383 urbem

59 2404 234 2483 Afferimur,
249 2406 327 2487 pulsi
343 2406 455 2486 regnis,
472 2426 548 2487 quae
565 2406 694 2467 maxima
712 2406 862 2486 quondam

60 2489 204 2551 Extremo
218 2489 341 2553 veniens
357 2488 408 2552 Sol
423 2490 607 2572 adspiciebat
622 2489 761 2574 Olympo,

60 2573 110 2635 Ab
125 2575 203 2637 Jove
219 2576 397 2657 principium
412 2575 548 2656 generis:
572 2576 649 2638 Jove
665 2573 809 2638 Dardana
822 2577 916 2658 pubes

62 2658 184 2721 Gaudet
199 2681 276 2736 avo;
299 2682 353 2722 rex
367 2661 431 2743 ipse
445 2660 467 2722 J
469 2660 530 2722 ovis
546 2661 583 2722 de
599 2667 689 2742 gente
705 2680 854 2743 suprema,

61 2745 167 2806 Troius
182 2743 314 2823 Aeneas,
331 2752 383 2807 tua
397 2766 450 2807 nos
466 2745 505 2808 ad
519 2745 620 2807 limina
633 2745 723 2807 misit.

62 2829 182 2901 Quanta
196 2851 250 2910 per
265 2830 373 2892 Idaeos
388 2831 484 2892 saevis
499 2831 592 2892 effusa
607 2830 745 2914 Mycenis

61 2914 235 2996 Tempestas
250 2915 318 2976 ie1it
333 2936 464 2997 campos,
481 2915 588 2997 quibus
601 2923 687 2977 actus
701 2922 829 2998 uterque

64 2999 200 3080 Europae
217 3004 307 3081 atque
323 3000 415 3062 Asiae
431 3000 500 3062 fatis
516 3001 701 3062 concurrerit
715 3001 804 3079 orbis,
1114 3073 1128 3089 Ἰ

27 3107 34 3114 ·
62 3084 180 3161 Audiit,
197 3085 267 3146 etsi
282 3105 372 3166 quem
386 3087 475 3148 tellus
491 3092 625 3147 extrema
639 3086 738 3148 refuso
1053 3106 1100 3153 aas
1125 3108 1153 3135 ι’

63 3168 226 3230 Submovet
241 3166 374 3248 Oceano,
390 3176 421 3231 et
436 3170 460 3232 si
475 3191 565 3252 quem
580 3176 702 3232 extenta
716 3171 872 3252 plagarum
893 3196 898 3204 ·

63 3254 198 3326 Quatuor
213 3254 244 3315 in
259 3254 357 3316 medio
373 3254 484 3316 dirimit
498 3256 589 3337 plaga
604 3253 681 3317 Solis
695 3255 801 3336 iniqui.

61 3339 181 3400 Diluvio
197 3359 234 3400 ex
248 3339 298 3401 illo
313 3345 358 3401 tot
372 3346 458 3402 vasta
471 3361 526 3421 per
541 3360 672 3422 aequora
686 3341 766 3403 vecti

62 3425 117 3486 Dis
132 3424 235 3485 sedem
250 3424 389 3506 exiguam
404 3425 508 3508 patriis
522 3425 653 3507 litusque
668 3445 808 3506 rogamus

61 3509 239 3587 Innocuum,
256 3516 287 3571 et
296 3510 411 3572 cunctis
425 3510 595 3592 undamque
611 3531 773 3592 auramque
789 3517 952 3591 patentem.
1053 3524 1100 3572 230

63 3594 134 3656 Non
149 3595 258 3656 erimus
272 3616 365 3676 regno
380 3594 535 3657 indecores
549 3615 557 3670 3
579 3616 635 3656 nec
651 3601 752 3656 vestra
765 3594 881 3656 feretur

62 3679 158 3741 Fama
172 3679 257 3758 levis,
272 3681 385 3742 tantive
401 3681 551 3743 abolescet
566 3680 664 3762 gratia
678 3679 773 3753 facti3
869 3693 872 3696 ⁴

63 3763 133 3827 Neo
149 3764 269 3848 Trojam
283 3764 432 3828 Ausonios
447 3766 560 3848 gremio
575 3766 727 3848 excepisse
742 3763 866 3847 pigebit.
