2496 4334
106 256 167 319 140
437 274 466 318 r.
491 273 632 319 macrum
654 271 797 319 miserus

103 425 142 487 Id
158 426 287 488 cinerem
302 432 355 487 aut
369 424 478 488 Manes
493 425 590 489 credis
605 445 710 488 curare
726 425 883 509 sepultos?

104 511 197 573 Esto:
223 531 343 592 aegram
359 511 432 572 nulli
447 511 596 592 quondum
610 512 719 572 flexere
734 512 844 589 mariti,

103 594 174 658 Non
189 595 314 678 Libyae,
329 617 388 657 non
404 601 473 657 ante
490 594 570 678 Tyro
585 616 593 671 ;
616 595 774 676 despectus
790 597 906 675 Iarbas,

84 684 87 689 ’
103 679 311 762 Ductoresque
328 681 388 758 alii,
404 701 478 763 quos
493 679 600 743 Africa
614 687 696 742 terra
714 681 870 764 triumphis

103 765 196 827 Dives
212 766 284 826 alit:
309 766 456 849 placitone
473 765 563 827 etiam
577 765 724 847 pugnabis
740 767 857 829 amori?

102 849 134 910 N
136 870 170 912 ec
186 851 269 911 venit
282 850 313 911 in
327 857 469 928 mentem,
485 871 610 932 quorum
625 850 795 913 consederis
810 850 914 914 arvis?

102 933 184 996 Hinc
202 933 348 997 Gaetulae
363 936 464 1013 urbes,
481 956 575 1016 genus
589 935 789 1016 insuperabile
804 937 893 1015 bello,

102 1019 145 1080 Ilt
159 1020 310 1082 Numidae
325 1020 453 1081 infraeni
463 1020 602 1101 ,cingtmt
618 1025 650 1081 et
663 1019 811 1102 inhospita
828 1020 926 1106 Syrtis
939 1041 948 1097 ;

101 1104 182 1166 Hine
199 1105 318 1166 deserta
333 1105 381 1166 siti
397 1104 490 1185 regio,
505 1106 626 1186 lateque
641 1104 776 1167 timentes

101 1188 239 1251 Barcaei.
286 1187 365 1261 Quid
379 1190 458 1251 bella
472 1188 553 1273 Pyro
568 1190 722 1270 surgentia
736 1189 844 1270 dicam,

102 1271 304 1355 Germanique
318 1274 413 1336 minas
426 1272 439 1335 l

101 1357 156 1421 Dis
172 1358 309 1440 equidem
325 1359 494 1441 auspicibus
508 1379 577 1420 reor
591 1364 622 1420 et
635 1358 756 1421 ‚lunone
771 1360 914 1440 secunda,

101 1443 172 1505 Huc
189 1465 309 1505 cursum
323 1443 432 1506 iliacas
447 1449 537 1505 vento
552 1444 682 1506 tenuisse
698 1445 824 1507 carinas.
970 1501 973 1509 .

102 1525 201 1599 Quam¹
213 1535 247 1589 tu
261 1529 377 1606 urbem,
393 1549 485 1606 soror,
500 1528 577 1590 hanc
594 1548 710 1606 cernes,
726 1551 803 1612 quae
820 1550 943 1612 surgere
959 1551 1065 1614 regna,

102 1612 246 1695 Oonjugio
261 1612 335 1677 tali!
380 1613 530 1675 Teucrum
545 1613 753 1676 comitantibus
771 1615 871 1693 armis,

101 1696 217 1759 Punica
231 1719 263 1760 se
279 1698 398 1780 quantis
414 1698 530 1760 attollet
544 1698 638 1780 gloria
652 1699 761 1763 rebus!

101 1783 147 1844 Tu
162 1783 248 1845 modo
262 1804 352 1866 posce
368 1783 439 1846 deos
454 1784 582 1861 veniam,
598 1783 748 1865 sacrisque
763 1784 865 1862 litatis,

100 1867 229 1949 Indulge
244 1868 380 1951 hospitio,
396 1888 576 1950 caussasque
591 1867 710 1930 innecte
725 1869 871 1948 morandi,

100 1951 181 2014 Dum
196 1954 302 2035 pelago
317 1954 451 2016 desaevit
465 1954 569 2031 hiems,
585 1959 617 2015 et
631 1973 758 2034 aquosus
775 1953 879 2033 Orion,

100 2035 325 2121 Quassataeque
340 2045 432 2117 rates,
447 2038 519 2101 dum
533 2059 592 2100 non
606 2039 762 2100 tractabile
779 2041 906 2102 coelum.

99 2122 158 2184 His
173 2123 259 2186 dictis
273 2125 427 2186 incensum
443 2123 573 2185 animum
588 2122 780 2186 inflammavit
795 2145 905 2202 amore,

101 2205 251 2290 Spemque
267 2209 350 2270 dedit
365 2208 471 2270 dubiae
487 2208 590 2286 menti,
605 2207 750 2289 solvitque
765 2209 919 2291 pudorem.

142 2292 291 2375 Principio
307 2293 431 2355 delubra
446 2292 569 2369 ademit,
584 2313 747 2374 pacemque
763 2315 817 2375 per
832 2315 899 2356 aras

99 2376 290 2459 Exquirunt3
313 2384 446 2440 mactant
459 2378 553 2440 lectas
569 2377 702 2439 demere
721 2379 858 2441 bidentes

98 2461 257 2544 Legiferae
276 2462 391 2541 Cereri,
407 2463 599 2544 Phoeboque,
614 2463 751 2544 patrique
766 2463 869 2546 Lyaeo
882 2483 890 2540 ;

97 2546 210 2609 ‚lunoni
225 2555 294 2610 ante
310 2569 422 2627 omnes,
439 2547 486 2609 oui
502 2548 599 2609 vincla
608 2548 725 2629 jugalia
740 2568 841 2610 curae.

98 2632 181 2714 Ipsa,
196 2639 301 2694 tenens
317 2633 423 2695 dextra
437 2635 582 2714 pateram,
599 2632 797 2714 pulcherrima
813 2633 893 2696 Dido

99 2715 261 2780 (laudantis
277 2738 386 2780 vaccae
401 2717 501 2779 media
514 2717 593 2778 inter
608 2736 717 2779 cornuo
732 2718 841 2796 fundit,

97 2801 164 2863 Aut
179 2809 248 2864 ante
263 2823 316 2864 ora
330 2803 418 2864 deum
433 2802 559 2883 pingues
575 2801 721 2883 spatiatur
736 2802 774 2864 ad
789 2823 868 2880 aras,

98 2885 309 2968 Instauratque
326 2888 405 2949 diem
420 2886 515 2964 donis,
530 2886 738 2968 pecudumque
753 2888 877 2950 reclusis

98 2971 273 3034 Pectoribus
288 2972 403 3034 inhians
419 2971 562 3055 spirantia
577 2972 703 3033 consulit
717 2978 796 3034 exta.
897 3011 899 3015 ·

97 3055 169 3118 Heu
184 3063 286 3119 vatum
300 3058 422 3139 ignarae
438 3053 573 3119 mentes!
598 3056 669 3137 quid
685 3063 754 3118 vota
769 3057 931 3135 furentem,

98 3139 177 3213 Quid
193 3143 316 3204 delubra
325 3143 435 3225 juvant
447 3140 460 3202 ‘l
484 3147 531 3203 est
545 3141 639 3202 mollis
653 3142 771 3203 flamma
784 3141 930 3204 medullas

97 3224 229 3303 Interea,
245 3233 277 3288 et
291 3228 414 3288 tacitum
430 3226 502 3288 vivit
516 3225 571 3288 sub
586 3233 706 3307 pectore
721 3228 839 3289 vulnus.

97 3309 203 3373 Uritur
217 3311 319 3372 infelix
334 3311 423 3388 Dido,
440 3317 561 3392 totaque
580 3317 707 3391 vagamr

96 3395 180 3458 Urbe
195 3396 317 3457 furens:
342 3396 437 3476 qualis
453 3397 588 3478 conjecta
603 3416 692 3458 cerva
706 3395 828 3477 sagitta,

97 3479 195 3553 Quum
210 3481 314 3564 procul
328 3480 479 3542 incautam
493 3501 615 3542 nemora
629 3482 708 3542 inter
724 3479 827 3543 Cresia
840 3481 905 3542 fixit

96 3565 203 3628 Pastor
218 3586 310 3648 agens
326 3566 403 3643 telis,
420 3567 567 3648 liquitque
583 3566 700 3628 volatile
715 3564 829 3627 ferrum

96 3650 225 3714 Nescius
239 3672 246 3727 ;
269 3651 320 3713 illa
334 3651 406 3732 fuga
421 3651 508 3714 silvas
524 3652 675 3733 saltusque
691 3656 832 3732 peragrat

95 3735 236 3799 Dictaeos
250 3756 258 3812 ;
280 3737 385 3800 haeret
399 3737 487 3799 lateri
500 3736 604 3801 letalis
613 3736 736 3798 arundo.
